2496 3996
793 298 859 344 De
889 303 1037 343 ordine
1066 305 1283 343 nominum
1313 317 1422 342 anno
1456 303 1528 343 116
1556 311 1738 352 mutato.
2179 291 2238 340 51

285 459 346 503 et
381 451 485 501 sub
521 454 766 499 mortem
802 446 981 511 patris
1006 475 1069 480 —-
1097 447 1242 496 alter
1276 447 1449 510 paulo
1477 453 1624 508 ante,
1660 447 1803 496 alter
1827 447 1998 510 paulo
2026 454 2156 511 post
2182 477 2243 480 —

268 547 545 592 'mortuus
593 543 731 598 erat,
780 535 1013 585 alterius
1066 549 1278 584 nomen
1323 535 1590 585 exstabat
1631 542 1763 598 post
1809 549 2019 585 nomen
2066 535 2244 600 patris

285 628 433 693 (Θεὸς
470 625 728 687 Εὐπάτωρ
781 632 914 690 post
967 624 1092 674 Θεὸν
1142 622 1523 686 Φιλομήτορα),
1569 624 1802 674 alterius
1857 632 1988 674 ante
2035 639 2245 674 nomen

184 700 189 701 ⁷
223 785 226 787 .
269 702 464 783 'patris
502 714 647 779 (Θεὸς
692 713 816 774 νέος
853 712 1173 774 Φιλοπάτωρ
1213 721 1343 762 ante
1381 712 1506 761 Θεὸν
1559 711 1854 776 Εὐεργέτῃ).
1939 713 2125 776 Quam
2173 714 2244 764 ob

284 820 408 857 rem
456 804 597 855 ordo
650 803 958 853 mutandus
1013 811 1157 852 erat:
1196 808 1293 852 aut
1339 801 1596 865 Eupator
1633 808 1764 851 ante
1801 802 2246 853 Philometorem

284 902 387 948 aut
428 891 746 954 Φιλοπάτωρ
794 891 918 951 νέος
965 897 1097 955 post
1144 889 1475 940 Beneficum
1524 889 1905 941 nominandus
1943 876 2097 941 erat(
2147 891 2247 942 Illa

285 982 431 1034 ratio
483 966 940 1047 praeferebaturj
994 979 1073 1029 ita
1120 978 1290 1043 igitur
1337 978 1554 1029 factum
1602 986 1703 1041 est,
1751 989 1813 1030 ut
1859 980 2091 1045 triginta
2125 980 2246 1031 fere

288 1071 451 1123 annis
497 1077 628 1136 post
674 1076 920 1119 mortem
965 1066 1271 1132 Eupatoris
1321 1074 1376 1117 et
1412 1067 1812 1119 Philometoris
1860 1070 1964 1119 sub
2002 1077 2247 1120 mortem

286 1159 601 1212 Ptolemaei
652 1157 780 1209 VIII
839 1156 980 1207 ordo
1039 1156 1332 1207 nominum
1383 1156 1690 1221 Eupatoris
1746 1164 1801 1206 et
1848 1157 2247 1208 philometoris

287 1257 540 1302 mutatus
577 1248 663 1299 sit.

1213 1551 1324 1616 §a

462 1709 548 1752 DE
580 1707 826 1751 PAPYRO
859 1707 1193 1752 DEMOTICO
1227 1707 1490 1751 SCRIPTO
1524 1707 1698 1751 ANNO
1738 1720 1812 1759 131
1851 1708 1904 1750 A.
1941 1708 2081 1751 CHR.

466 1874 668 1925 Restat
690 1880 752 1924 ut
778 1886 1021 1937 agamus
1048 1871 1118 1922 de
1143 1872 1501 1937 praescripto
1535 1872 1741 1937 papyri
1767 1872 2033 1923 demotici
2058 1873 2252 1937 scripti

293 1965 488 2027 φαῶφι
526 1962 659 2013 anni
693 1962 758 2012 40
792 1964 899 2011 τῶν
931 1963 1070 2011 θεῶν
1100 1960 1405 2024 Εὐεργετῶν
1444 1963 1520 2026 (=
1552 1962 1639 2012 131
1682 1976 1730 2012 a.
1760 1961 1913 2022 Chr.)
1953 1970 2007 2012 et
2043 1962 2251 2027 publici

290 2052 426 2103 iuris
477 2051 616 2103 facti
667 2066 701 2102 a
753 2050 1095 2101 Revilloutio
1149 2051 1205 2101 in
1258 2051 1458 2102 Revue
1515 2055 1706 2116 egypt.
1743 2051 1766 2101 I
1810 2065 1940 2116 pag.
1991 2052 2069 2102 91.
2143 2051 2249 2114 Qui

290 2156 545 2207 papyrus
582 2156 617 2192 a
660 2139 865 2191 ceteris
911 2139 1301 2191 instrumentis
1349 2140 1553 2191 eodem
1600 2147 1861 2204 tempore
1909 2140 2133 2205 scriptis
2183 2156 2249 2191 eo

288 2231 496 2294 differt,
535 2231 687 2296 quod
724 2230 953 2281 exhibet
984 2245 1088 2294 pro
1116 2229 1311 2280 ordine
1337 2229 1970 2294 Philometor-Eupator
1995 2229 2249 2280 ordinem

289 2319 918 2385 Eupator—Philometor
965 2326 1021 2369 et
1066 2319 1285 2384 primus
1339 2319 1591 2369 omnium
1646 2327 2061 2370 commemorat
2108 2319 2250 2381 ἱερὸν

289 2410 474 2460 πῶλον
495 2407 700 2470 Ἴσιδος
747 2407 975 2471 μεγάλης
1025 2409 1221 2471 μητρὸς
1270 2411 1425 2472 θεῶν,
1482 2409 1635 2474 quod
1690 2409 2074 2459 sacerdotium
2121 2409 2250 2459 inde

288 2513 363 2549 ex
410 2499 521 2549 hoc
570 2513 719 2549 anno
765 2513 946 2563 usque
997 2498 1070 2553 ad
1117 2513 1329 2549 annum
1382 2500 1476 2549 116
1513 2514 1559 2549 a.
1600 2498 1730 2549 Chr.
1768 2514 1819 2549 n.
1868 2513 1984 2548 non
2026 2497 2140 2548 iam
2175 2498 2248 2548 in-

288 2587 527 2639 venitur.
602 2587 921 2650 Quaeritur,
960 2602 1107 2652 quae
1143 2587 1215 2638 sit
1252 2602 1429 2638 causa
1465 2589 1670 2638 harum
1708 2587 2175 2638 differentiarum.

469 2676 758 2740 Quantum
811 2676 945 2739 sciO,
999 2691 1181 2742 usque
1236 2678 1309 2727 ad
1359 2678 1470 2728 hoc
1524 2685 1751 2742 tempus
1803 2692 1972 2728 nemo
2026 2678 2095 2727 de
2141 2678 2251 2728 hoc

290 2764 644 2830 praescripto
683 2765 970 2831 disseruit3
1007 2781 1193 2832 neque
1229 2767 1286 2817 id
1320 2767 1543 2829 mirum,
1583 2782 1713 2818 cum
1751 2767 1938 2818 adhuc
1970 2767 2076 2817 viri
2102 2767 2252 2817 docti

291 2854 683 2906 contenderint
713 2854 839 2906 ,sine
877 2870 1053 2907 causa
1091 2863 1147 2906 et
1177 2855 1399 2906 ratione
1423 2855 1479 2906 in
1504 2857 1873 2922 praescriptis
1899 2870 2250 2921 papyrorum

286 2952 535 2995 exeunte
573 2945 753 2995 altero
791 2959 839 2995 a.
874 2944 1005 2995 Chr.
1045 2946 1277 2996 saeculo
1316 2945 1574 2995 ordinem
1608 2945 1901 2996 nominum
1942 2944 2251 3006 Εὐπάτορος

293 3039 349 3082 et
385 3031 755 3096 Φιλομήτορος
792 3048 922 3085 esse
957 3041 1254 3085 mutatum.
1304 3035 1491 3098 Quam
1529 3034 1852 3099 opinionem
1888 3034 2095 3084 falsam
2123 3048 2250 3083 esse

290 3127 598 3186 postquam
646 3122 1184 3186 demonstravimuS,
1235 3124 1419 3174 coacti
1466 3139 1665 3176 sumus
1713 3125 1782 3175 de
1833 3139 2008 3175 causa
2053 3138 2250 3174 earum

286 3209 759 3271 differentiarum,
817 3228 964 3278 quae
1023 3213 1290 3278 propriae
1351 3221 1482 3264 sunt
1540 3228 1764 3279 papyro
1813 3214 1889 3264 illi
1949 3212 2247 3272 demoticO,

287 3299 602 3364 disputare.

472 3388 970 3442 Commemoratur
1006 3390 1148 3454 ἱερὸς
1183 3393 1367 3452 πῶλος
1389 3390 1592 3452 Ἴσιδος
1620 3391 1847 3453 μεγάλης
1875 3391 2070 3453 μητρὸς
2097 3393 2250 3448 Θεῶν,

294 3477 445 3542 quod
481 3479 864 3530 sacerdotium
900 3489 1104 3546 postea
1142 3481 1370 3531 demum
1396 3481 1527 3531 inde
1554 3481 1624 3531 ab
1653 3495 1801 3531 anno
1833 3481 1926 3530 116
1951 3479 2248 3529 invenitur.

290 3565 500 3617 Errore
537 3567 758 3619 scribae
794 3569 903 3620 hoc
939 3570 1322 3621 sacerdotium
1359 3569 1563 3620 ceteris
1600 3569 1874 3620 insertum
1915 3584 2042 3619 esse
2080 3584 2247 3619 nemo

1981 3673 2035 3716 4*
