2496 3996
311 274 376 323 ‘22
1008 285 1074 323 De
1105 285 1382 335 inscriptione
1413 283 1591 334 Syeniti.

312 428 585 494 reliquiae
631 426 1040 492 inscriptionis;
1094 440 1230 476 nam
1276 425 1333 476 in
1381 425 1648 491 epistula,
1699 441 1872 492 quam
1918 426 2287 477 Ptolemaeus

312 517 708 570 sacerdotibus
737 515 1040 581 inscripsit,
1080 522 1567 566 commemoratur
1604 515 2041 581 Hermocrates3
2081 515 2288 581 epistu-

310 611 426 659 lam
480 614 675 657 autem
729 605 1126 657 sacerdotibus
1180 604 1375 654 datam
1428 603 1684 669 sequitur
1737 603 1892 669 regis
1944 605 2164 657 iussum
2213 605 2288 656 ad

310 698 769 747 Hermocratem.
820 694 1062 746 Accedit
1101 694 1278 744 aliud:
1319 693 1481 757 Quae
1518 709 1623 744 rex
1659 694 1942 759 probavit,
1978 694 2036 746 in
2061 694 2285 746 duobus

309 786 417 837 illis
464 786 729 837 Versibus
777 786 843 836 34
887 791 942 835 et
989 785 1055 834 35
1107 782 1438 848 singillatim
1494 791 1833 834 enumerata
1880 799 1996 835 non
2042 792 2287 850 possunt

308 875 503 936 fuisse,
559 890 690 926 cum
744 874 994 940 spatium
1049 873 1229 924 artius
1278 873 1365 924 sit.
1435 873 1600 924 Unde
1650 873 1908 938 sequitur
1955 875 2286 939 exemplum

310 966 590 1031 epistulae
637 964 807 1030 regis
852 979 966 1029 qua
1003 964 1417 1014 Hermocrates
1456 963 1792 1014 sacerdotes
1828 963 1949 1014 voti
1985 970 2286 1028 compotes

308 1055 503 1106 facere
556 1055 748 1105 iussus
804 1062 903 1116 est,
958 1068 1242 1118 responso
1288 1053 1362 1104 ad
1406 1053 1742 1104 sacerdotes
1786 1053 1920 1104 dato
1966 1053 2286 1106 subiectum

307 1145 502 1207 fuisse,
542 1159 655 1209 qua
690 1159 761 1195 ex
794 1143 1039 1208 epistula
1069 1143 1406 1194 sacerdotes
1435 1142 1605 1194 facile
1639 1158 1994 1208 cognoscere
2030 1151 2284 1209 possent,

309 1249 456 1300 quae
511 1234 738 1299 singula
790 1248 895 1284 rex
947 1233 1087 1299 ipsis
1131 1233 1526 1298 responderet.
1598 1232 1748 1284 Nihil
1794 1247 1933 1299 ergo
1979 1248 2124 1299 opus
2163 1241 2287 1285 erat

307 1324 432 1390 regi
466 1323 787 1374 rescribere
822 1306 931 1373 nisi
970 1337 1064 1374 »se
1100 1323 1322 1374 iussum
1358 1322 1622 1390 idfquod
1660 1337 1942 1388 responso
1972 1338 2077 1374 suo
2104 1323 2286 1374 subie-

308 1414 495 1478 cisset,
556 1413 922 1479 magistratui
981 1413 1239 1464 misisse«
1301 1420 1364 1464 ut
1425 1413 1631 1476 omnia,
1693 1427 1841 1478 quae
1902 1412 2050 1463 scire
2099 1426 2287 1464 sacer-

308 1506 506 1556 dotum
542 1504 831 1567 intererat,
870 1502 1153 1568 rescripta
1187 1503 1444 1555 haberet.
1518 1503 1613 1554 Ad
1647 1502 2079 1567 inscriptionem
2114 1502 2287 1568 igitur

307 1594 482 1645 Philis
541 1600 835 1659 repertam
903 1593 960 1644 in
1025 1575 1244 1657 Syeniti
1314 1599 1452 1658 puto
1523 1607 1630 1643 nos
1703 1591 1843 1643 satis
1913 1592 2286 1657 probabiliter

307 1686 579 1750 supplere
617 1698 817 1748 posse:

306 1773 413 1835 Τῆς
451 1773 738 1834 ἐπιστολῆς
782 1773 848 1835 ἣν
887 1772 1162 1835 ἐδώκαμεν
1195 1771 1543 1835 Ἑρμοκράτει
1581 1775 1655 1839 τῷ
1697 1754 1943 1832 συγγενεῖ
1981 1772 2065 1822 καὶ
2105 1771 2284 1838 στ]ρα-

484 1867 627 1930 τηγῷ
667 1863 751 1912 καὶ
788 1861 1159 1929 ἐπιστρατηγῷ
1197 1862 1313 1924 περὶ
1349 1862 1458 1912 τῶν
1496 1862 1628 1911 κατὰ
1664 1862 1759 1924 τὴν
1797 1861 1980 1928 Σ[ῆτιν
2016 1864 2191 1922 νῆσον
2225 1862 2285 1912 τὸ

491 1951 824 2015 ἀντίγραφον
864 1950 1278 2015 ὑποτετάχαμεν.

486 2042 764 2093 Attamen
812 2041 903 2093 his
952 2041 1147 2092 verbis
1195 2041 1425 2093 insertis
1463 2041 1714 2106 spatium
1750 2042 1994 2092 lacunae
2031 2041 2286 2092 nondum

308 2135 592 2198 repletum
619 2140 721 2183 est.
759 2132 879 2183 Iam
907 2147 1048 2183 vero
1074 2131 1133 2182 in
1156 2147 1242 2182 VS.
1269 2132 1334 2182 45
1359 2132 1696 2183 sacerdotes
1722 2131 1845 2182 sine
1872 2131 2041 2183 dubio
2067 2138 2284 2196 petunt,

307 2232 369 2274 ut
404 2238 509 2273 rex
545 2223 684 2288 ipsis
721 2223 1016 2288 permittat
1052 2221 1254 2284 στήλην
1294 2220 1596 2272 ἀνατιθέναι
1630 2222 1835 2272 eodem
1867 2222 2056 2284 mode,
2085 2235 2197 2287 quo
2229 2220 2287 2271 in

303 2313 677 2377 inscriptione
703 2312 880 2363 Philis
906 2308 1141 2377 reperta
1166 2311 1455 2377 supplices
1491 2319 1694 2376 petunt
1719 2326 1804 2363 vs,
1831 2312 1918 2362 20:
1959 2311 2286 2374 ἐπιχωρῆσαι

311 2402 434 2465 ἡμῖν
474 2401 751 2452 ἀναθεῖναι
791 2402 994 2463 στήλην
1034 2400 1090 2452 ἐν
1127 2398 1156 2465 ᾗ
1185 2399 1571 2463 ἀναγράψομεν
1601 2402 1697 2463 τὴν
1722 2403 2007 2461 γεγονυῖαν
2034 2399 2158 2463 ἡμῖν
2181 2441 2190 2450 .
2213 2441 2221 2450 .
2244 2441 2285 2451 ..

313 2491 736 2554 φιλανθρωπίαν.
807 2492 883 2544 Ut
930 2491 1104 2557 igitur
1152 2491 1208 2542 in
1257 2498 1423 2556 parte
1471 2491 1525 2541 A
1572 2490 1958 2556 inscriptionis
2002 2490 2285 2542 Philensis

310 2597 414 2631 rex
457 2580 514 2630 id
556 2580 833 2645 permittit
869 2580 1226 2631 rescribens:
1284 2579 1647 2643 ἐπιχωροῡμεν
1674 2566 1860 2642 δ’ύμῑν
1899 2580 1982 2629 καὶ
2018 2580 2113 2642 τὴν
2164 2578 2287 2630 ἀνά-

313 2675 462 2720 Θεσιν
507 2668 570 2731 ῆς
614 2670 822 2731 ἠξιοῦτε
867 2669 1070 2731 στήλης
1103 2668 1454 2731 ποιήσασθαι,
1506 2669 1583 2720 ita
1618 2669 1773 2734 regis
1810 2684 2155 2734 responsum
2193 2670 2286 2722 de-

313 2759 553 2810 siderari
597 2759 814 2810 eisdem
867 2759 991 2810 fere
1045 2759 1239 2818 verbis
1292 2758 1675 2823 perscriptum
1729 2766 1867 2824 puto
1921 2758 1978 2809 in
2032 2768 2196 2824 parte
2252 2775 2287 2811 a

311 2849 493 2900 nostri
528 2850 686 2901 tituli.
738 2851 900 2914 Quae
938 2865 1069 2902 cum
1103 2850 1183 2900 ita
1219 2849 1344 2912 sint,
1382 2864 1467 2900 vs,
1506 2849 1571 2899 32
1597 2864 1718 2915 sqq.
1756 2850 1868 2900 hoc
1905 2849 2078 2900 modo
2118 2864 2287 2915 supp-

312 2940 514 2990 lendos
553 2955 682 2990 esse
721 2941 1011 3005 censeo:¹)

313 3029 379 3079 32
419 3028 725 3079 Βασίλισσα
758 3029 1065 3092 Κλεοπάτρα
1104 3030 1187 3079 καὶ
1226 3030 1478 3092 βασιλεὺς
1503 3028 1845 3092 Πτολεμαῖος
1882 3032 1997 3091 τοῖς
2035 3028 2114 3095 ἐν]
2143 3029 2286 3079 Ἐλε-

496 3118 723 3181 φαντίνη
775 3119 973 3181 ἱερεῦσι
1022 3120 1117 3168 τοῦ
1166 3117 1391 3181 Χνούβω
1433 3118 1624 3182 Νεβιήβ
1673 3120 1757 3168 καὶ
1804 3118 1965 3186 Θειῡ[ν
2008 3118 2286 3182 Ἀδελφῶν

495 3209 577 3258 καὶ
615 3210 756 3258 Θεῶν
798 3207 1105 3270 Εὐεργετῶν
1145 3208 1227 3258 καὶ
1265 3208 1404 3259 Θεῶν
1445 3207 1835 3271 Φιλοπατόρων

315 3298 380 3347 33
417 3298 498 3347 καὶ
547 3296 684 3348 Θεῶν
717 3297 1034 3359 Ἐπιφανιῦν
1083 3299 1166 3348 καὶ
1217 3301 1343 3349 Θεοῦ
1386 3298 1699 3361 Εὐπάτορος
1737 3299 1819 3348 καὶ
1857 3297 1996 3348 Θεῶν
2035 3297 2289 3364 Φιλο]μη-

500 3514 527 3555 ι)
566 3512 637 3552 Vs.
669 3521 718 3559 34
749 3518 789 3550 et
819 3524 877 3550 vs.
909 3520 956 3561 35
997 3512 1201 3563 supplevi,
1245 3514 1325 3551 nisi
1368 3514 1481 3564 quod
1518 3513 1820 3564 Dittenberger
1858 3522 1972 3552 recte
2018 3514 2163 3552 statuit
2200 3512 2285 3564 τὴν

319 3585 460 3637 Σῆτῑν
492 3588 640 3638 νῆσον
674 3599 767 3624 esse
799 3587 1050 3628 addendum,
2131 3572 2137 3584 ⁸
