2496 3996
273 285 338 336 40
666 298 731 336 De
760 299 1036 350 praescriptis
1066 299 1442 338 instrumentorum
1469 300 1736 351 publicorum
1766 307 1845 344 etc.

450 441 507 505 b)
547 440 694 491 Cum
731 442 913 491 altero
950 440 1174 504 marim,
1211 436 1546 493 Ptolemaeo
1571 443 1714 506 VIII,
1740 442 1899 509 iungi
1921 451 2163 510 poterat,
2188 437 2247 496 id

274 530 427 595 quod
474 537 608 581 ante
645 544 694 581 a.
737 530 845 588 116,
897 545 1009 596 quo
1047 530 1416 582 Ptolemaeus
1468 531 1598 584 VIII
1651 532 1802 596 obiit,
1855 533 1934 584 in:
1959 549 2068 585 usu
2105 539 2246 586 erat.

275 619 443 682 Quod
497 619 545 670 si
597 618 791 683 fiebat,
847 620 1056 670 seriem
1103 620 1571 672 Ptolemaeorum
1618 629 2088 675 consecratorum
2135 624 2248 674 hoc

274 708 447 759 modo
474 708 696 760 scribas
723 710 1030 774 oportebat
1054 709 1243 760 finire:
1277 709 1404 771 θεὸς
1431 704 1691 774 Εὐπάτωρ
1717 741 1783 747 -
1809 712 1956 774 θεὸς
1983 711 2249 777 Φιλομή-

273 814 397 861 τωρ
423 829 488 834 -
515 799 641 860 θεὸς
669 779 991 861 Φιλοπάτωρ
1016 799 1142 860 νέος
1166 829 1233 835 -
1259 799 1393 850 θεοὶ
1421 798 1767 863 Εὐεργέται
1792 831 1855 836 -
1883 803 1996 853 Θεοὶ
2022 800 2250 866 Φιλομή-

273 904 429 951 τορες
454 888 720 951 Σωτῆρες,
757 888 814 938 id
850 888 1004 953 quod
1040 888 1259 940 factum
1298 896 1408 954 est;
1447 904 1596 954 quae
1628 889 1878 942 formula
1902 890 1960 941 in
1981 879 2249 944 omnibus

273 978 512 1043 papyris
550 978 848 1029 demoticis
885 978 1195 1030 invenitur:

312 1069 352 1119 1.
390 1068 601 1133 Papyr.
639 1068 786 1118 dem.
813 1067 999 1119 Berol.
1037 1069 1171 1119 3103
1208 1068 1316 1134 (ed.
1344 1068 1725 1135 Spiegelberg
1748 1084 1881 1136 pag.
1913 1071 1974 1121 15
2001 1091 2054 1108 =
2077 1079 2251 1123 nouv.

456 1159 664 1209 chrest.
702 1172 833 1223 pag.
878 1157 993 1223 121)
1031 1158 1280 1224 scriptus
1319 1173 1469 1210 anno
1512 1158 1712 1217 114113.
1970 1184 1972 1186 v

308 1248 354 1300 2.
393 1248 618 1299 Chrest.
657 1249 867 1299 demot.
904 1262 1037 1313 pag.
1076 1249 1170 1300 401
1212 1248 1460 1314 scriptus
1498 1263 1649 1300 anno
1691 1249 1882 1307 112111.
2008 1296 2012 1300 .

308 1339 355 1390 3.
393 1338 600 1404 Papyr.
655 1338 802 1390 dem.
853 1338 1093 1404 Argent.
1142 1340 1172 1389 7
1227 1339 1335 1403 (ed.
1373 1338 1754 1404 Spiegelberg
1790 1355 1841 1405 p.
1880 1339 1966 1405 22)
2003 1339 2255 1407 ‘scriptus

456 1444 607 1480 anno
649 1428 897 1493 1121111).

311 1519 356 1570 4.
394 1519 603 1584 Papyr.
631 1519 840 1570 demot.
867 1519 1109 1584 Argent.
1137 1520 1168 1569 6
1194 1518 1302 1583 (ed.
1329 1517 1710 1584 Spiegelberg
1735 1533 1866 1585 pag.
1893 1519 1980 1584 25)
2006 1520 2255 1586 scriptus

457 1624 609 1659 anno
651 1608 843 1667 107106.
2266 1653 2271 1656 -

310 1701 357 1750 5.
394 1699 604 1764 Papyr.
677 1699 864 1750 Berol.
936 1699 1146 1750 demot.
1204 1699 1340 1750 3104
1399 1698 1506 1762 (ed.
1546 1698 1927 1764 Spiegelberg
1985 1714 2118 1765 pag.
2174 1700 2257 1765 16)

458 1789 708 1854 scriptus
745 1803 896 1840 anno
938 1789 1129 1848 107106.

307 1881 358 1930 6.
396 1879 605 1945 Papyr.
644 1881 791 1931 dem.
828 1879 1070 1946 Argent.
1107 1881 1140 1930 9
1178 1879 1288 1944 (ed.
1314 1879 1694 1944 Spiegelberg
1729 1893 1861 1945 pag.
1888 1879 1974 1945 26)
2011 1879 2259 1948 scriptus

460 1985 611 2021 anno
653 1971 844 2030 105104.
1875 1987 1878 1990 ’

315 2062 360 2112 7.
398 2060 607 2125 Papyr.
663 2060 810 2111 dem.
866 2060 1052 2111 Berol.
1089 2061 1223 2111 3105
1260 2059 1370 2125 (ed.
1408 2059 1789 2125 Spiegelberg
1825 2074 1877 2125 p.
1920 2060 1982 2111 15
2007 2083 2062 2099 =
2087 2067 2260 2112 nouv.

463 2151 671 2202 chrest.
709 2165 841 2216 pag.
878 2150 964 2214 20)
1003 2150 1251 2215 scriptus
1289 2164 1440 2200 anno
1481 2149 1646 2208 10413.

315 2241 362 2292 8.
400 2241 583 2292 Nouv.
621 2241 830 2291 chrest.
868 2254 1000 2305 pag.
1037 2240 1104 2292 20
1139 2240 1387 2305 scriptus
1425 2255 1576 2291 anno
1619 2239 1810 2297 104103.

315 2333 362 2383 9.
401 2331 627 2382 Chrest.
665 2331 875 2382 demot.
912 2344 1046 2396 pag.
1088 2331 1182 2381 110
1219 2330 1466 2395 scriptus
1505 2345 1656 2381 anno
1698 2329 1895 2388 103102.

287 2422 363 2472 10.
401 2421 610 2486 Papyr.
674 2421 883 2472 demot.
945 2421 1187 2485 Argent.
1248 2421 1313 2472 43
1374 2421 1481 2481 (ed.
1542 2420 1926 2486 Spiegelberg
1983 2434 2116 2486 pag.
2175 2419 2262 2484 27)

464 2511 713 2576 scriptus
753 2525 903 2561 anno
945 2509 1136 2567 100199.

287 2602 363 2653 11.
402 2602 610 2666 Papyr.
650 2601 797 2652 dem.
823 2600 1011 2652 Berol.
1048 2600 1182 2651 3106
1219 2601 1312 2666 (ed
1338 2600 1718 2666 Spiegelberg
1741 2615 1874 2666 pag.
1906 2600 1988 2664 16)
2014 2600 2263 2665 scriptus

466 2706 617 2742 anno
655 2691 817 2750 99198.

290 2781 364 2832 12.
402 2782 611 2846 Papyr.
651 2762 797 2832 dem.
837 2779 1076 2846 Argent.
1113 2781 1180 2831 44
1206 2780 1313 2845 (ed.
1340 2779 1720 2845 Spiegelberg
1743 2793 1876 2845 pag.
1901 2779 1988 2844 30)
2014 2779 2263 2844 scriptus

466 2886 616 2922 anno
654 2871 874 2932 95s'942).
1243 2941 1247 2947 .

290 2963 365 3014 13.
404 2963 613 3027 Papyr.
653 2962 800 3012 dem.
839 2962 1081 3026 Argent.
1119 2961 1152 3012 8
1190 2961 1298 3026 (ed.
1325 2960 1706 3026 Spiegelberg
1741 2974 1874 3026 pag.
1900 2959 1986 3025 32)
2014 2958 2264 3024 scriptus

467 3067 618 3103 anno
655 3052 802 3116 88187
819 3053 872 3116 2).

469 3142 660 3207 Atque
708 3157 771 3192 re
819 3155 961 3192 vera
1007 3156 1113 3206 per
1148 3156 1360 3192 nomen
1395 3143 1504 3191 τῶν
1542 3143 1682 3191 Θεῶν
1723 3140 2030 3202 Εὐεργετῶν
2067 3138 2266 3190 intelli-

467 3300 500 3349 1)
531 3300 795 3350 Quamquam
826 3299 974 3350 papyri
1005 3298 1562 3349 demoticiArgentinenses
1583 3296 1775 3335 ordinem
1799 3296 2258 3349 Φιλομήτωρ-Εὐπά-

287 3385 386 3425 τωρ
418 3374 617 3412 exhibent
647 3373 699 3411 cf.
721 3386 759 3424 p.
781 3383 842 3422 39,
873 3380 1015 3412 tamen
1044 3372 1125 3420 hic,
1155 3373 1225 3411 ubi
1256 3373 1307 3411 de
1335 3385 1512 3411 numero
1541 3371 1691 3423 plurali
1719 3374 1817 3412 τῶν
1839 3373 1963 3412 θεῶν
1987 3370 2261 3423 Εὐεργετῶν

290 3449 565 3499 disputamus,
597 3461 691 3486 cum
722 3449 876 3487 ceteris
906 3449 1076 3499 papyris
1108 3448 1235 3486 etiam
1265 3448 1600 3498 Argentinenses
1631 3459 1844 3487 enumero,

469 3524 501 3572 2)
532 3523 576 3561 In
616 3524 698 3562 fine
728 3525 853 3562 seriei
884 3523 927 3565 οἱ
957 3522 1058 3565 &eoi
1090 3523 1412 3575 Φιλομήτορες
1445 3522 1676 3575 Σωτῆρες,
1707 3522 1776 3572 qui
1806 3523 1890 3560 iam
1920 3521 2042 3559 initio
2072 3529 2259 3558 comme-

292 3599 444 3635 morati
475 3606 581 3645 sunt,
613 3599 760 3636 omissi
791 3606 885 3637 sunt
917 3598 985 3648 (cf.
1016 3611 1111 3649 pag,
1141 3608 1191 3645 44
1221 3598 1314 3636 adn.
1350 3600 1398 3647 1).
