2496 3996
279 292 345 342 36
676 302 743 340 De
771 301 1048 353 praescriptis
1077 301 1453 342 instrumentorum
1479 299 1748 351 publicorum
1776 306 1856 343 etc.

314 448 358 496 4.
395 445 595 496 Revue
632 443 841 508 Egypt.
878 441 916 505 Ι,
958 441 1054 498 130
1089 442 1218 493 adn.
1261 443 1282 492 1
1324 441 1573 507 scriptus
1614 441 1811 507 128127.

313 540 359 587 5.
397 536 458 586 B.
496 534 563 586 G.
602 533 666 585 U.
705 533 804 583 993
841 531 1089 596 scriptus
1130 530 1324 589 128127.

314 628 358 676 6.
398 624 622 675 Chrest.
660 623 870 673 demot.
907 635 1042 686 pag.
1077 621 1177 678 358
1214 620 1461 685 scriptus
1503 620 1694 682 127126.
1902 681 1910 685 ᾗ

314 717 358 766 7.
396 714 582 767 Nouv.
621 712 831 766 chrest.
870 712 1080 767 demot.
1118 725 1252 776 pag.
1294 711 1389 762 103
1425 710 1675 775 scriptus
1716 710 1914 772 127126.

312 805 358 855 8.
398 803 622 861 Chrest.
661 802 871 853 demot.
907 815 1040 867 pag.
1077 801 1178 852 303
1215 800 1463 866 scriptus
1505 800 1701 859 125124.

311 896 357 946 9.
395 894 604 958 Papyr.
643 892 853 944 demot.
880 891 1066 942 Berol.
1093 891 1227 942 3099
1252 890 1360 955 (ed.
1387 888 1766 955 Spiegelberg
1789 903 1842 954 p.
1874 888 1934 945 12
1959 910 2015 927 =
2041 890 2248 943 chrest.

459 984 668 1034 demot.
705 997 758 1047 p.
795 981 916 1045 312)
953 980 1202 1045 scriptus
1244 979 1436 1030 12524.

283 1075 362 1130 10.
395 1074 579 1126 Nouv.
619 1074 828 1124 chrest.
868 1071 1077 1123 demot.
1115 1084 1248 1135 pag.
1285 1070 1350 1121 87
1388 1069 1637 1134 scriptus
1679 1068 1869 1126 122121.

283 1166 358 1216 11.
394 1164 581 1216 Nouv,
620 1164 831 1214 chrest.
870 1161 1080 1213 demot.
1118 1175 1251 1226 pag.
1294 1160 1389 1211 148
1425 1159 1674 1224 scriptus
1715 1158 1913 1218 120119.

283 1254 358 1305 12.
395 1254 605 1319 Papyr.
660 1253 848 1304 Berol.
903 1251 1112 1302 demot.
1161 1251 1303 1302 3101·
1349 1250 1458 1315 (ed.
1497 1249 1877 1315 Spiegelberg
1924 1263 2056 1315 pag.
2099 1249 2160 1301 13
2196 1269 2252 1289 =

456 1358 628 1394 nouv.
667 1343 876 1394 chrest.
914 1357 968 1407 p.
1004 1342 1092 1405 59)
1130 1340 1377 1406 scriptus
1418 1339 1610 1397 119118.

283 1435 357 1485 13.
396 1434 604 1499 Papyr.
660 1433 848 1484 Berol.
897 1432 1108 1484 demot.
1157 1430 1290 1482 3102
1344 1430 1452 1495 (ed.
1490 1428 1872 1495 Spiegelberg
1923 1444 2056 1495 pag.
2098 1429 2160 1480 14
2196 1449 2252 1467 --

457 1538 630 1574 nouv.
669 1523 880 1573 chrest.
918 1537 971 1587 p.
1013 1521 1128 1586 148)
1167 1512 1416 1584 scriptus
1458 1518 1650 1578 119118.

459 1612 693 1665 Occurit
727 1613 931 1664 unicus
967 1625 1227 1676 papyrus
1253 1609 1573 1684 demoticus
1600 1624 1634 1660 a
1657 1608 2003 1660 Revilloutio
2028 1607 2087 1659 in
2109 1608 2252 1663 Rev.

278 1704 487 1769 Egypt.
514 1704 551 1766 l,
589 1704 650 1755 91
691 1702 902 1768 publici
924 1701 1063 1753 iuris
1087 1701 1293 1764 factus,
1327 1700 1421 1766 qui
1447 1715 1598 1752 anno
1629 1700 1718 1751 131
1749 1699 1997 1764 scriptus
2023 1698 2255 1752 exhibet

280 1794 540 1845 ordinem
593 1792 847 1855 Εὐπάτωρ
895 1821 961 1831 —
1011 1787 1346 1854 Φιλομήτωρ.
1433 1791 1625 1842 Primo
1681 1791 1882 1841 obtutu
1936 1790 2110 1842 etiam
2161 1789 2255 1842 hic

279 1883 596 1935 conjeceris
645 1882 896 1933 scribam
942 1881 1151 1947 papyri
1197 1881 1457 1932 ordinem
1506 1887 1678 1932 antea
1713 1880 1990 1932 usitatum
2025 1894 2254 1937 conser—

277 1974 528 2036 vavisse,
568 1984 919 2038 quamquam
954 1969 1217 2021 formulis
1253 1970 1574 2022 litterarum
1610 1969 1969 2034 publicarum
2007 1969 2253 2022 abolitus

280 2071 421 2115 erat.
494 2063 610 2115 Sed
645 2063 738 2114 hic
774 2076 1035 2128 papyrus
1070 2060 1369 2126 proprium
1405 2067 1652 2125 occupat
1687 2062 1893 2123 locum,
1932 2059 2154 2126 quade
2189 2074 2253 2111 re

278 2152 428 2204 infra
465 2152 873 2218 disputandum
910 2151 1032 2203 erit.
1080 2151 1288 2216 Utique
1324 2151 1436 2202 hoc
1473 2150 1704 2216 quidem
1737 2150 2018 2215 exemplis
2041 2149 2254 2202 nostris

279 2245 588 2309 probatum
661 2249 764 2305 est,
847 2241 1302 2306 magistratus
1372 2241 1760 2307 Aegyptios
1832 2240 2121 2306 septimo
2193 2246 2256 2291 et

283 2341 528 2384 octavo
567 2331 896 2383 decennio
933 2331 994 2382 II.
1034 2346 1082 2382 a.
1123 2331 1272 2382 Chr.
1310 2331 1569 2383 saeculi
1604 2346 1816 2396 usque
1853 2331 1934 2382 ad
1970 2338 2256 2382 mortem

281 2422 653 2481 Ptolemaei
711 2421 840 2473 VIII
886 2421 938 2486 (i.
967 2437 1013 2472 e.
1052 2421 1134 2472 ad
1193 2436 1437 2472 annum
1478 2421 1615 2487 116)
1676 2435 1943 2486 semper
2003 2406 2253 2472 ordine:

287 2512 1125 2576 »Philometor-Eupator«
1172 2526 1333 2562 usos
1379 2527 1548 2562 esse.

466 2602 634 2666 Quod
687 2602 735 2652 si
781 2601 1076 2666 cognitum
1128 2601 1415 2664 habueriS‚
1474 2601 1905 2667 inscriptionem
1964 2601 2256 2653 Graecam

285 2693 459 2744 Philis
506 2692 563 2742 in
616 2693 920 2757 praeclaro
973 2691 1070 2762 illo
1126 2690 1379 2742 obelisco
1432 2690 1673 2742 incisam
1727 2690 1837 2742 alio
1881 2689 2129 2755 tempori
2165 2689 2257 2741 tri-

284 2784 443 2846 bues,
504 2790 676 2848 atque
736 2781 926 2833 adhuc
984 2781 1204 2832 factum
1265 2787 1367 2832 est.
1439 2781 1700 2832 Wilcken
1766 2781 2038 2846 (Herm-es
2095 2780 2259 2831 XXII

291 2873 417 2923 1887
470 2887 603 2938 pag.
654 2873 714 2923 15
767 2874 911 2938 sqq.)
967 2871 1387 2923 demonstravit
1441 2871 1755 2923 obeliscum
1811 2879 2066 2922 erectum
2127 2885 2256 2921 esse

287 2962 433 3013 inter
480 2976 663 3012 annos
704 2962 798 3011 145
836 2969 891 3012 et
932 2962 1021 3012 141
1075 2961 1395 3027 eodemque
1439 2968 1701 3027 tempore
1737 2961 1977 3012 incisam
2015 2975 2144 3012 esse
2181 2959 2258 3011 in-

290 3052 656 3118 scriptionem
694 3052 1191 3117 hieroglyphicam
1208 3053 1262 3118 1),
1301 3067 1652 3118 quamquam
1687 3051 1981 3117 inscriptio
2014 3051 2258 3110 Graeca,

290 3157 437 3207 quae
486 3150 543 3194 et
580 3142 951 3207 Cleopatram
987 3142 1033 3197 II
1081 3150 1137 3195 et
1175 3143 1546 3208 Cleopatram
1580 3141 1651 3192 III
1693 3156 1907 3192 uxores
1943 3140 2261 3196 Ptolemaei

292 3232 438 3294 dicit,
478 3239 576 3283 aut
610 3231 758 3283 inter
795 3246 977 3283 annos
1019 3232 1107 3282 141
1150 3239 1205 3283 et
1246 3231 1340 3282 132
1354 3231 1393 3295 2)
1431 3238 1529 3282 aut
1563 3231 1710 3282 inter
1750 3231 1844 3282 126
1878 3239 1933 3282 et
1963 3231 2055 3281 117
2079 3231 2260 3282 incisa

474 3382 503 3431 ¹)
540 3381 638 3421 Non
681 3394 792 3419 anno
836 3391 919 3429 141,
958 3382 1033 3420 sed
1074 3383 1156 3421 iam
1195 3394 1305 3421 anno
1351 3391 1420 3431 143
1451 3395 1487 3421 a.
1518 3381 1616 3423 Chr.
1659 3381 1955 3421 Ptolemaeum
1991 3379 2090 3420 VIII
2132 3379 2260 3420 Cleo-

294 3463 455 3506 patram
486 3455 543 3495 III
580 3457 622 3494 in
658 3457 974 3496 matrimonium
1011 3457 1182 3495 duxisse
1219 3456 1369 3495 Strack
1406 3457 1630 3507 (Dynastie
1666 3468 1762 3508 pag.
1796 3458 1884 3504 199)
1915 3456 2154 3506 suspicatus
2183 3460 2260 3495 est.

471 3529 504 3578 ²)
535 3530 707 3581 Opinio,
738 3543 863 3581 quam
893 3530 1109 3581 Fougeres
1140 3531 1198 3578 (B.
1228 3531 1276 3572 C.
1306 3531 1361 3570 H.
1392 3531 1453 3570 XI
1479 3543 1574 3582 pag.
1597 3538 1672 3581 250
1701 3532 1810 3582 sqq.)
1838 3530 2013 3582 protulit
2040 3529 2122 3567 nisi
2151 3528 2260 3570 intra

296 3617 498 3641 annorum
533 3612 733 3654 127—117
764 3605 945 3655 spatium
975 3606 1228 3656 Euergetam
1258 3618 1353 3644 cum
1384 3605 1615 3657 Cleopatra
1642 3605 1678 3643 II
1709 3617 1855 3644 sorore
1886 3611 1926 3645 et
1954 3604 2184 3655 Cleopatra
2202 3601 2261 3642 111
