2496 3996
483 288 715 352 Cleopatra
742 288 780 327 ΙΙ
809 289 851 327 in
879 290 1156 342 praescriptis
1184 301 1439 342 papyrorum
1469 292 1779 332 demoticorum
1808 302 1907 346 post
1937 308 1971 338 a,
2006 296 2089 337 116.
2205 283 2265 334 41

304 431 526 497 gendos
574 444 704 482 esse
760 426 1136 497 Cleopatram
1195 432 1242 483 II
1300 441 1355 483 et
1413 434 1810 486 Ptolemaeum
1869 438 1998 488 VIII
2057 439 2270 503 optime

305 521 663 571 demonstrat
686 530 945 589 papyrus
964 521 1283 572 Vaticanus
1299 550 1353 566 =
1368 517 1897 576 Neo—Eboracensis
1919 527 2009 590 (cf.
2036 542 2166 593 pag.
2185 530 2270 593 34)

305 609 552 674 scriptus
589 625 740 661 anno
781 610 973 674 10908,-
1010 610 1067 661 in
1105 626 1218 676 quo
1256 620 1667 664 enumerantur
1696 614 1868 665 »deus
1894 615 2189 668 beneficus
2216 625 2273 668 et·

281 699 415 751 'dea
448 698 797 770 philometor
833 706 890 750 et
920 699 1016 751 dei
1040 700 1454 765 philometores
1481 710 1863 754 servatores«.
1909 705 2272 771 Quamquam

303 787 362 840 in
413 788 620 839 ceteris
668 788 906 854 papyris
959 789 1257 841 demoticis
1309 791 1400 841 dei
1442 791 1687 842 benefici
1732 804 2271 856 commemorantur,

302 877 362 928 in
413 878 526 929 hoc
570 893 714 929 vero
764 878 1165 931 discernuntur
1215 880 1387 932 »deus
1435 880 1762 932 beneficus«
1815 889 1870 933 et
1921 884 2060 934 »dea
2096 886 2273 949 philo-

285 974 539 1028 ¹metor«.
611 967 879 1033 Sequitur
914 969 1020 1019 sub
1057 968 1287 1020 nomine
1325 970 1564 1021 deorum
1600 971 1995 1024 beneficorum
2032 989 2161 1025 esse
2197 975 2274 1026 in-

303 1057 647 1122 telligendos
694 1057 896 1108 »deum
938 1057 1294 1110 beneficum«
1335 1060 1753 1123 (Ptolemaeum
1789 1062 1940 1122 VIII)
1978 1069 2034 1113 et
2074 1064 2273 1115 »deam

303 1146 775 1212 philometorem«
817 1146 1212 1211 (Cleopatram
1247 1149 1315 1213 II)
1350 1148 1648 1215 iunctos1).

485 1237 536 1299 c)
586 1235 850 1301 Apparet
906 1236 1080 1301 igitur
1136 1236 1195 1287 in
1251 1238 1489 1303 papyris
1549 1239 1849 1291 demoticis
1911 1241 2082 1292 etiam
2141 1251 2273 1307 post

305 1325 519 1376 “annum
570 1325 664 1375 116
711 1339 760 1376 a.
800 1325 933 1376 Chr.
970 1339 1023 1376 n.
1069 1325 1441 1391 Cleopatram
1487 1328 1534 1378 II
1586 1343 1717 1380 cum
1762 1329 2097 1381 Ptolemaeo
2147 1332 2275 1382 VIII

286 1413 557 1465 iunctam
599 1428 746 1477 esse,
791 1414 915 1465 sive
962 1429 1076 1466 uno
1123 1416 1353 1467 nomine
1399 1418 1707 1469 utebantur
1745 1419 1858 1483 (dei
1891 1420 2173 1485 benefici),
2212 1429 2274 1472 ut

236 1536 243 1539 >
302 1503 362 1556 in
407 1504 697 1570 plerisque
749 1505 1003 1570 papyriS‚
1056 1505 1181 1556 sive
1233 1507 1457 1558 duobus
1514 1509 1677 1574 (deus
1714 1508 2010 1560 beneficus
2060 1518 2115 1560 et
2165 1510 2274 1561 dea

303 1593 688 1660 philometor),
739 1601 803 1645 ut
853 1594 911 1644 in
963 1609 1188 1660 papyro
1236 1596 1522 1648 Vaticano
1572 1598 1986 1664 (Spiegelberg,
2041 1599 2274 1651 Recueil

303 1675 477 1736 XXV
511 1693 566 1749 p.
607 1684 705 1743 13).
775 1683 855 1734 At
899 1684 1108 1749 papyri
1143 1684 1354 1736 Graeci
1383 1701 1629 1752 ,semper
1666 1688 1937 1739 exhibent
1971 1704 2275 1741 numerum

271 1773 658 1839 ‚singularem
705 1774 856 1838 (θεοῦ
897 1771 1214 1838 Εὐεργέτου)
1267 1790 1455 1841 neque
1502 1791 1779 1842 umquam
1825 1785 2059 1842 praeter
2093 1779 2275 1830 Ptole-

304 1871 538 1915 maeum
589 1863 719 1915 VIII
770 1862 1082 1928 Cleopatra
1133 1864 1180 1914 II
1230 1865 1287 1916 in
1333 1866 1518 1917 indice
1561 1867 2028 1919 Ptolemaeorum
2077 1884 2274 1920 conse-

307 1959 600 2004 cratorum
634 1953 987 2005 nominatur:

311 2043 354 2095 1.
391 2036 651 2096 Grenfell
686 2052 743 2095 et
779 2044 938 2095 Hunt
973 2044 1010 2107 1,
1048 2044 1114 2096 25
1150 2046 1398 2111 scriptus
1436 2061 1586 2098 anno
1628 2049 1741 2109 115!
1753 2049 1827 2099 14.

482 2162 518 2212 ¹)
546 2161 767 2214 Proprium
803 2162 945 2201 locum
983 2170 1165 2214 occupat
1193 2177 1376 2216 papyrus
1406 2165 1564 2204 demot.
1593 2165 1729 2207 Berol.
1759 2176 1859 2215 3103
1891 2167 1970 2216 (ed.
2001 2167 2278 2219 Spiegelberg

306 2243 400 2289 pag.
434 2239 498 2288 15)
528 2234 717 2288 scriptus
739 2250 851 2276 anno
884 2242 1036 2287 114113,
1067 2239 1183 2277 cuius
1212 2240 1255 2278 in
1283 2241 1550 2292 praescripto
1579 2240 1662 2280 hoc
1689 2242 1817 2280 modo
1837 2242 2086 2281 Ptolemaeo
2108 2255 2278 2280 enume-

306 2318 469 2351 rantur:
519 2328 737 2355 ........
774 2312 843 2350 dei
879 2312 1074 2361 benefici,
1111 2314 1215 2352 deus
1252 2314 1513 2365 philometor
1548 2323 1777 2356 servator«.
1841 2316 2118 2368 Spiegelberg
2160 2325 2276 2356 recte

307 2387 527 2426 adnotavit
563 2387 645 2425 hoc
673 2387 771 2426 loco
802 2387 901 2426 ferri
928 2401 1148 2427 numerum
1178 2389 1433 2440 singularem
1471 2390 1564 2428 »dei
1593 2391 1887 2442 philometoris
1917 2393 2168 2431 servatoris«
2200 2405 2276 2444 pro

302 2473 480 2500 numero
508 2460 672 2512 plurali.
719 2460 805 2500 Sed
834 2474 929 2500 cum
958 2462 1072 2501 idem
1102 2471 1275 2502 occurat
1303 2465 1345 2502 in
1375 2465 1497 2503 initio
1528 2466 1808 2513 instrumenti,
1843 2466 1915 2504 ubi
1948 2466 2108 2505 verbis:
2141 2480 2275 2506 »anno

307 2542 456 2588 quarto
486 2546 548 2585 30.
578 2537 737 2575 mensis
768 2536 883 2576 Thot
911 2539 1083 2589 reginae
1105 2537 1362 2590 Cleopatrae
1393 2546 1434 2578 et
1462 2540 1573 2590 regis
1603 2539 1849 2588 Ptolemaei,
1880 2541 1948 2578 dei
1979 2540 2276 2592 philometoris

307 2611 561 2651 servatoris«
601 2611 915 2668 demonstratur
942 2625 996 2651 ne
1024 2613 1094 2652 hic
1124 2614 1294 2664 quidem
1324 2614 1598 2665 Cleopatram
1627 2613 1686 2653 III
1713 2627 1808 2653 cum
1836 2615 1923 2654 filio
1952 2615 2139 2654 iunctam
2169 2628 2277 2664 esse,

305 2693 409 2738 puto
427 2683 611 2725 scribam
628 2687 809 2726 consilio
826 2687 1070 2726 adhibuisse
1083 2700 1304 2727 numerum
1323 2688 1577 2739 singularem
1591 2689 1682 2727 »dei
1698 2688 1993 2739 philometoris
2010 2691 2275 2729 servatoris«.

307 2759 538 2812 Singularis
568 2761 689 2800 huius
721 2761 926 2801 formulae
955 2762 1060 2801 haec
1090 2763 1255 2802 videtur
1284 2776 1411 2802 causa
1441 2775 1548 2802 esse.
1587 2764 1731 2814 Usque
1761 2763 1814 2801 ad
1837 2776 1991 2802 annum
2016 2763 2087 2811 116
2108 2777 2277 2816 semper

307 2836 540 2887 Cleopatra
574 2836 624 2884 ΙΙ,
660 2836 894 2888 Cleopatra
928 2837 997 2886 III,
1035 2838 1305 2876 Ptolemaeus
1344 2837 1439 2875 VIII
1480 2838 1610 2876 iuncti
1642 2845 1760 2877 erant
1790 2845 1831 2877 et
1860 2839 2075 2877 communi
2103 2840 2275 2877 nomine

306 2913 405 2952 τῶν
435 2912 560 2952 θεῶν
592 2911 867 2963 Εὐεργετῶν
902 2913 1140 2956 utebantur.
1196 2912 1240 2951 Si
1273 2914 1401 2963 igitur
1438 2912 1578 2951 scriba
1605 2913 1754 2963 papyri
1783 2913 2006 2964 ignorabat
2035 2913 2102 2951 vel
2130 2914 2274 2963 negle-
2319 2951 2324 2955 ,

307 2985 435 3036 gebat
473 2992 572 3024 tunc
617 2986 893 3037 Cleopatram
922 2986 979 3024 III
1020 2999 1114 3025 cum
1156 2986 1242 3025 filio
1280 2986 1527 3024 Ptolemaeo
1566 2985 1606 3023 X
1647 2987 1833 3025 iunctam
1874 2999 1989 3035 esse,
2029 2989 2273 3026 necessario

305 3064 526 3098 numerum
563 3060 819 3111 singularem
858 3060 950 3099 »dei
986 3061 1282 3112 philometoris
1316 3061 1567 3099 servatoris«
1607 3060 1808 3099 adhibuit.
1864 3060 1993 3111 Igitur
2030 3060 2082 3099 de
2121 3061 2273 3100 eodem

308 3145 449 3172 errore
479 3135 644 3173 scribae
674 3136 820 3186 agitur,
850 3135 903 3174 de
925 3148 1008 3186 quo
1030 3148 1154 3187 supra
1176 3136 1493 3187 disputavimus.
1533 3135 1588 3174 Ut
1609 3134 1773 3173 scribae
1790 3135 1938 3186 papyri
1960 3135 2116 3174 demot.
2137 3136 2274 3174 Berol.

309 3208 412 3256 3098
441 3215 482 3247 et
508 3209 634 3253 Tebt.
662 3210 708 3251 P.
735 3210 765 3249 I.
786 3210 821 3257 6,
850 3211 921 3262 qui
949 3211 1201 3262 ignorabant
1229 3211 1504 3262 Cleopatram
1532 3209 1570 3247 11
1594 3216 1695 3261 post
1730 3215 1911 3247 mortem
1940 3209 2174 3248 Ptolemaei
2203 3210 2272 3257 VI,

307 3282 461 3333 prioris
489 3283 641 3333 mariti,
670 3284 712 3322 in
739 3284 881 3323 indice
908 3285 1250 3323 Ptolemaeorum
1287 3289 1632 3322 consecratorum
1662 3295 1757 3321 cum
1787 3282 1919 3321 altero
1950 3284 2101 3321 marito
2131 3283 2274 3323 Ptole-

307 3368 431 3394 maeo
448 3356 548 3395 VIII
573 3358 762 3396 iunctam
792 3370 899 3406 esse,
927 3359 1172 3397 necessario
1203 3358 1512 3396 conservabant
1540 3369 1758 3395 numerum
1779 3356 1982 3408 pluralem
2006 3360 2126 3398 »τῶν
2149 3360 2272 3399 Θεῶν

309 3431 691 3484 Φιλομητόρων<<,
729 3433 788 3471 ita
815 3433 955 3472 scriba
983 3433 1103 3472 huius
1132 3434 1279 3484 papyri
1307 3432 1525 3483 ignorabat
1555 3432 1829 3483 Cleopatram
1858 3431 1916 3470 ΙΙΙ
1955 3439 2055 3482 post
2092 3440 2272 3471 mortem

306 3496 542 3544 Ptolemaei
582 3505 681 3545 VIII
724 3519 751 3550 a
789 3507 943 3545 ceteris
992 3506 1082 3545 deis
1123 3506 1314 3544 benificis
1361 3513 1599 3556 separatam
1655 3517 1768 3543 esse:
1815 3506 2060 3545 necessario
2104 3507 2273 3557 scripsit

308 3587 527 3618 numerum
558 3579 813 3632 singularem
841 3583 926 3622 τοῦ
958 3582 1069 3622 θεοῦ
1103 3581 1430 3632 Φιλομήτορος
1463 3579 1699 3632 Σωτῆρος.
