<?xml version="1.0" encoding="UTF-8"?>
<!DOCTYPE html PUBLIC "-//W3C//DTD XHTML 1.0 Transitional//EN"
    "http://www.w3.org/TR/xhtml1/DTD/xhtml1-transitional.dtd">
<html xmlns="http://www.w3.org/1999/xhtml" xml:lang="en" lang="en">
 <head>
  <title>
</title>
<meta http-equiv="Content-Type" content="text/html;charset=utf-8" />
  <meta name='ocr-system' content='tesseract 3.04.00' />
  <meta name='ocr-capabilities' content='ocr_page ocr_carea ocr_par ocr_line ocrx_word'/>
</head>
<body>
  <div class='ocr_page' id='page_1' title='image "./quaestionesepigr00laquuoft_0040.png"; bbox 0 0 2496 3996; ppageno 0'>
   <div class='ocr_carea' id='block_1_1' title="bbox 256 292 1830 357">
    <p class='ocr_par' dir='ltr' id='par_1_1' title="bbox 256 292 1830 357">
     <span class='ocr_line' id='line_1_1' title="bbox 256 292 1830 357; baseline 0.002 -15"><span class='ocrx_word' id='word_1_1' title='bbox 256 292 322 342; x_wconf 76' lang='lat'>32</span> <span class='ocrx_word' id='word_1_2' title='bbox 647 306 713 344; x_wconf 90' lang='lat' dir='ltr'>De</span> <span class='ocrx_word' id='word_1_3' title='bbox 743 306 1018 357; x_wconf 83' lang='lat' dir='ltr'>praescriptis</span> <span class='ocrx_word' id='word_1_4' title='bbox 1049 307 1423 344; x_wconf 84' lang='lat' dir='ltr'>instrumentorum</span> <span class='ocrx_word' id='word_1_5' title='bbox 1452 306 1719 357; x_wconf 88' lang='lat' dir='ltr'>publicorum</span> <span class='ocrx_word' id='word_1_6' title='bbox 1750 314 1830 349; x_wconf 79' lang='lat' dir='ltr'>etc,</span> 
     </span>
    </p>
   </div>
   <div class='ocr_carea' id='block_1_2' title="bbox 258 446 2245 3295">
    <p class='ocr_par' dir='ltr' id='par_1_2' title="bbox 261 446 2242 511">
     <span class='ocr_line' id='line_1_2' title="bbox 261 446 2242 511; baseline 0.001 -13"><span class='ocrx_word' id='word_1_7' title='bbox 261 450 426 498; x_wconf 90' lang='grc' dir='ltr'>λισσα</span> <span class='ocrx_word' id='word_1_8' title='bbox 484 447 792 509; x_wconf 82' lang='grc' dir='ltr'>Κλεοπάτρα</span> <span class='ocrx_word' id='word_1_9' title='bbox 840 446 869 507; x_wconf 86' lang='grc' dir='ltr'>ἡ</span> <span class='ocrx_word' id='word_1_10' title='bbox 910 446 1120 509; x_wconf 78' lang='grc' dir='ltr'>ἀδελφὴ</span> <span class='ocrx_word' id='word_1_11' title='bbox 1178 447 1261 496; x_wconf 88' lang='grc' dir='ltr'>καὶ</span> <span class='ocrx_word' id='word_1_12' title='bbox 1317 447 1612 510; x_wconf 83' lang='grc' dir='ltr'>βασίλισσα</span> <span class='ocrx_word' id='word_1_13' title='bbox 1659 447 1967 511; x_wconf 86' lang='grc' dir='ltr'>Κλεοπάτρα</span> <span class='ocrx_word' id='word_1_14' title='bbox 2011 448 2040 509; x_wconf 82' lang='grc' dir='ltr'>ἡ</span> <span class='ocrx_word' id='word_1_15' title='bbox 2087 448 2242 510; x_wconf 80' lang='grc' dir='ltr'>γυνή,,</span> 
     </span>
    </p>

    <p class='ocr_par' dir='ltr' id='par_1_3' title="bbox 260 534 1686 601">
     <span class='ocr_line' id='line_1_3' title="bbox 260 534 1686 601; baseline -0.003 -14"><span class='ocrx_word' id='word_1_16' title='bbox 260 538 371 588; x_wconf 85' lang='grc' dir='ltr'>θεοὶ</span> <span class='ocrx_word' id='word_1_17' title='bbox 412 536 707 598; x_wconf 77' lang='grc' dir='ltr'>Εὐεργέται,</span> <span class='ocrx_word' id='word_1_18' title='bbox 747 534 1053 601; x_wconf 83' lang='grc' dir='ltr'>Ἀφροδίτῃ.</span> <span class='ocrx_word' id='word_1_19' title='bbox 1682 585 1686 590; x_wconf 66' lang='grc'><strong>,</strong></span> 
     </span>
    </p>

    <p class='ocr_par' dir='ltr' id='par_1_4' title="bbox 258 624 2240 1501">
     <span class='ocr_line' id='line_1_4' title="bbox 439 624 2235 690; baseline 0.003 -16"><span class='ocrx_word' id='word_1_20' title='bbox 439 625 658 688; x_wconf 79' lang='lat' dir='ltr'>Quodsi</span> <span class='ocrx_word' id='word_1_21' title='bbox 693 631 830 675; x_wconf 89' lang='lat' dir='ltr'>tunc</span> <span class='ocrx_word' id='word_1_22' title='bbox 866 625 1146 689; x_wconf 87' lang='lat' dir='ltr'>temporis</span> <span class='ocrx_word' id='word_1_23' title='bbox 1180 624 1493 690; x_wconf 80' lang='lat' dir='ltr'>Cleopatra</span> <span class='ocrx_word' id='word_1_24' title='bbox 1516 626 1563 676; x_wconf 91' lang='lat' dir='ltr'>II</span> <span class='ocrx_word' id='word_1_25' title='bbox 1589 642 1717 678; x_wconf 92' lang='lat' dir='ltr'>cum</span> <span class='ocrx_word' id='word_1_26' title='bbox 1745 627 2079 679; x_wconf 77' lang='lat' dir='ltr'>Ptolemaeo</span> <span class='ocrx_word' id='word_1_27' title='bbox 2105 629 2235 681; x_wconf 88' lang='lat' dir='ltr'>VIII</span> 
     </span>
     <span class='ocr_line' id='line_1_5' title="bbox 258 714 2236 780; baseline 0.002 -14"><span class='ocrx_word' id='word_1_28' title='bbox 258 715 622 766; x_wconf 88' lang='lat' dir='ltr'>matrimonio</span> <span class='ocrx_word' id='word_1_29' title='bbox 671 714 867 766; x_wconf 85' lang='lat' dir='ltr'>iuncta</span> <span class='ocrx_word' id='word_1_30' title='bbox 919 722 1057 777; x_wconf 88' lang='lat' dir='ltr'>erat,</span> <span class='ocrx_word' id='word_1_31' title='bbox 1112 714 1480 776; x_wconf 81' lang='lat' dir='ltr'>Philometor,</span> <span class='ocrx_word' id='word_1_32' title='bbox 1534 715 1692 780; x_wconf 90' lang='lat' dir='ltr'>prior</span> <span class='ocrx_word' id='word_1_33' title='bbox 1743 717 1998 780; x_wconf 81' lang='lat' dir='ltr'>maritUS,</span> <span class='ocrx_word' id='word_1_34' title='bbox 2053 733 2236 770; x_wconf 90' lang='lat' dir='ltr'>uxore</span> 
     </span>
     <span class='ocr_line' id='line_1_6' title="bbox 258 803 2233 869; baseline 0.003 -15"><span class='ocrx_word' id='word_1_35' title='bbox 258 805 519 869; x_wconf 80' lang='lat' dir='ltr'>privatus</span> <span class='ocrx_word' id='word_1_36' title='bbox 558 812 697 866; x_wconf 81' lang='lat' dir='ltr'>erat,</span> <span class='ocrx_word' id='word_1_37' title='bbox 734 803 814 854; x_wconf 90' lang='lat' dir='ltr'>ita</span> <span class='ocrx_word' id='word_1_38' title='bbox 849 811 911 854; x_wconf 91' lang='lat' dir='ltr'>ut</span> <span class='ocrx_word' id='word_1_39' title='bbox 943 804 998 854; x_wconf 91' lang='lat' dir='ltr'>in</span> <span class='ocrx_word' id='word_1_40' title='bbox 1025 804 1398 869; x_wconf 80' lang='lat' dir='ltr'>praescriptis</span> <span class='ocrx_word' id='word_1_41' title='bbox 1424 812 1557 869; x_wconf 88' lang='lat' dir='ltr'>post</span> <span class='ocrx_word' id='word_1_42' title='bbox 1582 820 1795 857; x_wconf 90' lang='lat' dir='ltr'>annum</span> <span class='ocrx_word' id='word_1_43' title='bbox 1826 807 1920 858; x_wconf 77' lang='lat'>145</span> <span class='ocrx_word' id='word_1_44' title='bbox 1946 822 1995 858; x_wconf 89' lang='lat' dir='ltr'>a.</span> <span class='ocrx_word' id='word_1_45' title='bbox 2023 807 2155 859; x_wconf 89' lang='lat' dir='ltr'>Chr.</span> <span class='ocrx_word' id='word_1_46' title='bbox 2182 824 2233 860; x_wconf 90' lang='lat' dir='ltr'>n.</span> 
     </span>
     <span class='ocr_line' id='line_1_7' title="bbox 261 894 2235 962; baseline 0.003 -17"><span class='ocrx_word' id='word_1_47' title='bbox 261 902 668 960; x_wconf 78' lang='lat' dir='ltr'>exspectemus</span> <span class='ocrx_word' id='word_1_48' title='bbox 705 908 1011 944; x_wconf 89' lang='lat' dir='ltr'>numerum</span> <span class='ocrx_word' id='word_1_49' title='bbox 1049 894 1402 958; x_wconf 78' lang='lat' dir='ltr'>singularem</span> <span class='ocrx_word' id='word_1_50' title='bbox 1442 894 1818 958; x_wconf 84' lang='grc' dir='ltr'>Φιλομήτορος</span> <span class='ocrx_word' id='word_1_51' title='bbox 1852 911 1958 962; x_wconf 91' lang='lat' dir='ltr'>pro</span> <span class='ocrx_word' id='word_1_52' title='bbox 1995 912 2235 950; x_wconf 87' lang='lat' dir='ltr'>numero</span> 
     </span>
     <span class='ocr_line' id='line_1_8' title="bbox 258 983 2236 1051; baseline 0.001 -15"><span class='ocrx_word' id='word_1_53' title='bbox 258 984 479 1050; x_wconf 86' lang='lat' dir='ltr'>plurali,</span> <span class='ocrx_word' id='word_1_54' title='bbox 541 984 636 1049; x_wconf 91' lang='lat' dir='ltr'>qui</span> <span class='ocrx_word' id='word_1_55' title='bbox 697 991 870 1034; x_wconf 90' lang='lat' dir='ltr'>antea</span> <span class='ocrx_word' id='word_1_56' title='bbox 931 983 988 1034; x_wconf 92' lang='lat' dir='ltr'>in</span> <span class='ocrx_word' id='word_1_57' title='bbox 1046 999 1156 1035; x_wconf 92' lang='lat' dir='ltr'>usu</span> <span class='ocrx_word' id='word_1_58' title='bbox 1217 991 1355 1035; x_wconf 89' lang='lat' dir='ltr'>erat.</span> <span class='ocrx_word' id='word_1_59' title='bbox 1450 984 1651 1049; x_wconf 83' lang='lat' dir='ltr'>Neque</span> <span class='ocrx_word' id='word_1_60' title='bbox 1712 985 2070 1051; x_wconf 79' lang='lat' dir='ltr'>exspectatio</span> <span class='ocrx_word' id='word_1_61' title='bbox 2129 1002 2236 1038; x_wconf 90' lang='lat' dir='ltr'>nos</span> 
     </span>
     <span class='ocr_line' id='line_1_9' title="bbox 258 1066 2237 1138; baseline 0.002 -12"><span class='ocrx_word' id='word_1_62' title='bbox 258 1066 591 1138; x_wconf 80' lang='lat' dir='ltr'>frustratur3</span> <span class='ocrx_word' id='word_1_63' title='bbox 641 1087 776 1123; x_wconf 90' lang='lat' dir='ltr'>nam</span> <span class='ocrx_word' id='word_1_64' title='bbox 812 1072 868 1122; x_wconf 90' lang='lat' dir='ltr'>in</span> <span class='ocrx_word' id='word_1_65' title='bbox 915 1072 1180 1123; x_wconf 85' lang='lat' dir='ltr'>omnibus</span> <span class='ocrx_word' id='word_1_66' title='bbox 1223 1072 1346 1124; x_wconf 81' lang='lat' dir='ltr'>fere</span> <span class='ocrx_word' id='word_1_67' title='bbox 1391 1073 1629 1138; x_wconf 86' lang='lat' dir='ltr'>papyris</span> <span class='ocrx_word' id='word_1_68' title='bbox 1673 1073 2001 1125; x_wconf 90' lang='lat' dir='ltr'>nominatur</span> <span class='ocrx_word' id='word_1_69' title='bbox 2036 1075 2237 1131; x_wconf 86' lang='lat' dir='ltr'>unicus</span> 
     </span>
     <span class='ocr_line' id='line_1_10' title="bbox 258 1163 2236 1238; baseline 0.002 -23"><span class='ocrx_word' id='word_1_70' title='bbox 258 1164 612 1215; x_wconf 88' lang='lat' dir='ltr'>Philometor</span> <span class='ocrx_word' id='word_1_71' title='bbox 648 1178 835 1238; x_wconf 84' lang='lat' dir='ltr'>neque</span> <span class='ocrx_word' id='word_1_72' title='bbox 870 1163 1291 1214; x_wconf 90' lang='lat' dir='ltr'>Philometores</span> <span class='ocrx_word' id='word_1_73' title='bbox 1330 1163 1422 1228; x_wconf 82' lang='lat' dir='ltr'>(cf.</span> <span class='ocrx_word' id='word_1_74' title='bbox 1449 1164 1718 1228; x_wconf 87' lang='lat' dir='ltr'>exempla</span> <span class='ocrx_word' id='word_1_75' title='bbox 1755 1179 1789 1214; x_wconf 87' lang='lat' dir='ltr'>a</span> <span class='ocrx_word' id='word_1_76' title='bbox 1814 1163 2077 1216; x_wconf 80' lang='lat' dir='ltr'>Strackio</span> <span class='ocrx_word' id='word_1_77' title='bbox 2101 1165 2236 1219; x_wconf 87' lang='lat' dir='ltr'>Ath.</span> 
     </span>
     <span class='ocr_line' id='line_1_11' title="bbox 259 1253 2240 1319; baseline 0.001 -13"><span class='ocrx_word' id='word_1_78' title='bbox 259 1255 401 1306; x_wconf 87' lang='lat' dir='ltr'>Mitt.</span> <span class='ocrx_word' id='word_1_79' title='bbox 447 1254 559 1305; x_wconf 87' lang='lat' dir='ltr'>XX</span> <span class='ocrx_word' id='word_1_80' title='bbox 604 1268 736 1319; x_wconf 83' lang='lat' dir='ltr'>pag.</span> <span class='ocrx_word' id='word_1_81' title='bbox 782 1254 882 1304; x_wconf 78' lang='lat'>343</span> <span class='ocrx_word' id='word_1_82' title='bbox 927 1268 1048 1319; x_wconf 88' lang='lat' dir='ltr'>sqq.</span> <span class='ocrx_word' id='word_1_83' title='bbox 1105 1255 1329 1317; x_wconf 90' lang='lat' dir='ltr'>collata,</span> <span class='ocrx_word' id='word_1_84' title='bbox 1386 1253 1591 1319; x_wconf 89' lang='lat' dir='ltr'>quibus</span> <span class='ocrx_word' id='word_1_85' title='bbox 1645 1256 1918 1306; x_wconf 89' lang='lat' dir='ltr'>nonnulla</span> <span class='ocrx_word' id='word_1_86' title='bbox 1973 1256 2240 1308; x_wconf 83' lang='lat' dir='ltr'>addenda</span> 
     </span>
     <span class='ocr_line' id='line_1_12' title="bbox 261 1343 2238 1410; baseline 0.002 -15"><span class='ocrx_word' id='word_1_87' title='bbox 261 1352 408 1406; x_wconf 82' lang='lat' dir='ltr'>sunt,</span> <span class='ocrx_word' id='word_1_88' title='bbox 436 1359 584 1410; x_wconf 88' lang='lat' dir='ltr'>quae</span> <span class='ocrx_word' id='word_1_89' title='bbox 609 1343 760 1394; x_wconf 78' lang='lat' dir='ltr'>infra</span> <span class='ocrx_word' id='word_1_90' title='bbox 787 1344 1176 1407; x_wconf 82' lang='lat' dir='ltr'>enumerabo).</span> <span class='ocrx_word' id='word_1_91' title='bbox 1213 1344 1380 1395; x_wconf 91' lang='lat' dir='ltr'>Duae</span> <span class='ocrx_word' id='word_1_92' title='bbox 1406 1351 1629 1395; x_wconf 88' lang='lat' dir='ltr'>tantum</span> <span class='ocrx_word' id='word_1_93' title='bbox 1656 1346 2028 1410; x_wconf 82' lang='lat' dir='ltr'>exceptiones</span> <span class='ocrx_word' id='word_1_94' title='bbox 2049 1346 2238 1399; x_wconf 87' lang='lat' dir='ltr'>adhuc</span> 
     </span>
     <span class='ocr_line' id='line_1_13' title="bbox 260 1435 2114 1501; baseline -0.001 -15"><span class='ocrx_word' id='word_1_95' title='bbox 260 1435 397 1486; x_wconf 89' lang='lat' dir='ltr'>mihi</span> <span class='ocrx_word' id='word_1_96' title='bbox 433 1435 821 1486; x_wconf 88' lang='lat' dir='ltr'>innotuerunt:</span> <span class='ocrx_word' id='word_1_97' title='bbox 995 1499 997 1501; x_wconf 64' lang='lat'>‚</span> <span class='ocrx_word' id='word_1_98' title='bbox 2112 1439 2114 1442; x_wconf 82' lang='grc'>’</span> 
     </span>
    </p>

    <p class='ocr_par' dir='ltr' id='par_1_5' title="bbox 265 1523 2238 1769">
     <span class='ocr_line' id='line_1_14' title="bbox 265 1523 2237 1590; baseline -0.001 -15"><span class='ocrx_word' id='word_1_99' title='bbox 265 1525 305 1575; x_wconf 92' lang='grc'>1.</span> <span class='ocrx_word' id='word_1_100' title='bbox 352 1539 554 1589; x_wconf 87' lang='lat' dir='ltr'>papyr.</span> <span class='ocrx_word' id='word_1_101' title='bbox 609 1524 794 1574; x_wconf 85' lang='lat' dir='ltr'>Berol.</span> <span class='ocrx_word' id='word_1_102' title='bbox 852 1523 1061 1574; x_wconf 90' lang='lat' dir='ltr'>demot.</span> <span class='ocrx_word' id='word_1_103' title='bbox 1116 1523 1211 1574; x_wconf 89' lang='lat' dir='ltr'>Nr.</span> <span class='ocrx_word' id='word_1_104' title='bbox 1266 1523 1399 1574; x_wconf 77' lang='lat'>3098</span> <span class='ocrx_word' id='word_1_105' title='bbox 1460 1523 1910 1589; x_wconf 68' lang='lat' dir='ltr'>(Spiegelberg¹{&gt;</span> <span class='ocrx_word' id='word_1_106' title='bbox 1964 1539 2096 1590; x_wconf 81' lang='lat' dir='ltr'>pag.</span> <span class='ocrx_word' id='word_1_107' title='bbox 2155 1524 2237 1588; x_wconf 87' lang='grc'>11)</span> 
     </span>
     <span class='ocr_line' id='line_1_15' title="bbox 442 1613 2238 1679; baseline 0.001 -16"><span class='ocrx_word' id='word_1_108' title='bbox 442 1613 690 1678; x_wconf 91' lang='lat' dir='ltr'>scriptus</span> <span class='ocrx_word' id='word_1_109' title='bbox 729 1628 879 1663; x_wconf 87' lang='lat' dir='ltr'>anno</span> <span class='ocrx_word' id='word_1_110' title='bbox 922 1613 1105 1670; x_wconf 65' lang='lat'>137736</span> <span class='ocrx_word' id='word_1_111' title='bbox 1142 1615 1277 1678; x_wconf 88' lang='lat' dir='ltr'>(non</span> <span class='ocrx_word' id='word_1_112' title='bbox 1314 1626 1464 1664; x_wconf 89' lang='lat' dir='ltr'>anno</span> <span class='ocrx_word' id='word_1_113' title='bbox 1507 1614 1615 1676; x_wconf 77' lang='lat'>147,</span> <span class='ocrx_word' id='word_1_114' title='bbox 1653 1622 1715 1664; x_wconf 91' lang='lat' dir='ltr'>ut</span> <span class='ocrx_word' id='word_1_115' title='bbox 1753 1628 1823 1664; x_wconf 83' lang='lat' dir='ltr'>ex</span> <span class='ocrx_word' id='word_1_116' title='bbox 1853 1621 2044 1664; x_wconf 88' lang='lat' dir='ltr'>errato</span> <span class='ocrx_word' id='word_1_117' title='bbox 2075 1621 2238 1679; x_wconf 86' lang='lat' dir='ltr'>typo-</span> 
     </span>
     <span class='ocr_line' id='line_1_16' title="bbox 441 1703 1771 1769; baseline 0.001 -16"><span class='ocrx_word' id='word_1_118' title='bbox 441 1703 720 1768; x_wconf 82' lang='lat' dir='ltr'>graphico</span> <span class='ocrx_word' id='word_1_119' title='bbox 758 1703 965 1768; x_wconf 82' lang='lat' dir='ltr'>legitur</span> <span class='ocrx_word' id='word_1_120' title='bbox 1002 1703 1057 1753; x_wconf 88' lang='lat' dir='ltr'>in</span> <span class='ocrx_word' id='word_1_121' title='bbox 1095 1703 1342 1754; x_wconf 88' lang='lat' dir='ltr'>editione</span> <span class='ocrx_word' id='word_1_122' title='bbox 1377 1703 1771 1769; x_wconf 82' lang='lat' dir='ltr'>Berolinensi).</span> 
     </span>
    </p>

    <p class='ocr_par' dir='ltr' id='par_1_6' title="bbox 261 1793 2238 2127">
     <span class='ocr_line' id='line_1_17' title="bbox 261 1793 2238 1859; baseline 0 -15"><span class='ocrx_word' id='word_1_123' title='bbox 261 1794 307 1845; x_wconf 80' lang='lat'>2.</span> <span class='ocrx_word' id='word_1_124' title='bbox 345 1808 547 1859; x_wconf 88' lang='lat' dir='ltr'>papyr.</span> <span class='ocrx_word' id='word_1_125' title='bbox 594 1794 755 1844; x_wconf 88' lang='lat' dir='ltr'>Tebt.</span> <span class='ocrx_word' id='word_1_126' title='bbox 802 1794 822 1843; x_wconf 95' lang='lat' dir='ltr'>I</span> <span class='ocrx_word' id='word_1_127' title='bbox 860 1796 906 1853; x_wconf 81' lang='lat'>6,</span> <span class='ocrx_word' id='word_1_128' title='bbox 950 1794 1010 1844; x_wconf 75' lang='lat'>18</span> <span class='ocrx_word' id='word_1_129' title='bbox 1062 1793 1310 1858; x_wconf 90' lang='lat' dir='ltr'>scriptus</span> <span class='ocrx_word' id='word_1_130' title='bbox 1365 1806 1517 1844; x_wconf 89' lang='lat' dir='ltr'>anno</span> <span class='ocrx_word' id='word_1_131' title='bbox 1567 1794 1766 1856; x_wconf 67' lang='lat' dir='ltr'>140s‘39,</span> <span class='ocrx_word' id='word_1_132' title='bbox 1837 1794 1934 1845; x_wconf 89' lang='lat' dir='ltr'>ubi</span> <span class='ocrx_word' id='word_1_133' title='bbox 1989 1794 2238 1845; x_wconf 87' lang='lat' dir='ltr'>editores</span> 
     </span>
     <span class='ocr_line' id='line_1_18' title="bbox 442 1883 2238 1949; baseline 0 -15"><span class='ocrx_word' id='word_1_134' title='bbox 442 1883 762 1935; x_wconf 87' lang='lat' dir='ltr'>rectissime</span> <span class='ocrx_word' id='word_1_135' title='bbox 801 1884 1247 1934; x_wconf 84' lang='lat' dir='ltr'>adnotaverunt:</span> <span class='ocrx_word' id='word_1_136' title='bbox 1290 1884 1405 1934; x_wconf 78' lang='lat' dir='ltr'>‘the</span> <span class='ocrx_word' id='word_1_137' title='bbox 1448 1885 1635 1949; x_wconf 88' lang='lat' dir='ltr'>plural</span> <span class='ocrx_word' id='word_1_138' title='bbox 1667 1884 1716 1934; x_wconf 91' lang='lat' dir='ltr'>is</span> <span class='ocrx_word' id='word_1_139' title='bbox 1742 1884 2042 1947; x_wconf 89' lang='lat' dir='ltr'>incorrect‚</span> <span class='ocrx_word' id='word_1_140' title='bbox 2082 1884 2238 1935; x_wconf 89' lang='lat' dir='ltr'>since</span> 
     </span>
     <span class='ocr_line' id='line_1_19' title="bbox 451 1972 2042 2038; baseline 0 -14"><span class='ocrx_word' id='word_1_141' title='bbox 451 1973 764 2038; x_wconf 89' lang='lat' dir='ltr'>Cleopatra</span> <span class='ocrx_word' id='word_1_142' title='bbox 798 1974 844 2022; x_wconf 91' lang='lat' dir='ltr'>II</span> <span class='ocrx_word' id='word_1_143' title='bbox 880 1987 1005 2023; x_wconf 83' lang='lat' dir='ltr'>was</span> <span class='ocrx_word' id='word_1_144' title='bbox 1042 1973 1305 2024; x_wconf 90' lang='lat' dir='ltr'>included</span> <span class='ocrx_word' id='word_1_145' title='bbox 1343 1973 1400 2023; x_wconf 89' lang='lat' dir='ltr'>in</span> <span class='ocrx_word' id='word_1_146' title='bbox 1437 1974 1535 2023; x_wconf 87' lang='lat' dir='ltr'>the</span> <span class='ocrx_word' id='word_1_147' title='bbox 1573 1973 1686 2023; x_wconf 85' lang='grc' dir='ltr'>θεοὶ</span> <span class='ocrx_word' id='word_1_148' title='bbox 1725 1972 2042 2035; x_wconf 66' lang='grc' dir='ltr'>Εὐεργεταΰ.</span> 
     </span>
     <span class='ocr_line' id='line_1_20' title="bbox 444 2061 2238 2127; baseline 0.001 -14"><span class='ocrx_word' id='word_1_149' title='bbox 444 2063 702 2127; x_wconf 81' lang='lat' dir='ltr'>Quorum</span> <span class='ocrx_word' id='word_1_150' title='bbox 729 2077 992 2113; x_wconf 89' lang='lat' dir='ltr'>errorum</span> <span class='ocrx_word' id='word_1_151' title='bbox 1019 2077 1198 2113; x_wconf 89' lang='lat' dir='ltr'>causa</span> <span class='ocrx_word' id='word_1_152' title='bbox 1223 2063 1370 2113; x_wconf 85' lang='lat' dir='ltr'>haec</span> <span class='ocrx_word' id='word_1_153' title='bbox 1396 2061 1534 2113; x_wconf 85' lang='lat' dir='ltr'>mihi</span> <span class='ocrx_word' id='word_1_154' title='bbox 1561 2077 1691 2114; x_wconf 90' lang='lat' dir='ltr'>esse</span> <span class='ocrx_word' id='word_1_155' title='bbox 1717 2062 1957 2113; x_wconf 84' lang='lat' dir='ltr'>videtur.</span> <span class='ocrx_word' id='word_1_156' title='bbox 2003 2062 2238 2115; x_wconf 86' lang='lat' dir='ltr'>Scribae</span> 
     </span>
    </p>

    <p class='ocr_par' dir='ltr' id='par_1_7' title="bbox 263 2153 2244 2219">
     <span class='ocr_line' id='line_1_21' title="bbox 263 2153 2244 2219; baseline 0.001 -15"><span class='ocrx_word' id='word_1_157' title='bbox 263 2168 620 2219; x_wconf 86' lang='lat' dir='ltr'>papyrorum</span> <span class='ocrx_word' id='word_1_158' title='bbox 673 2167 856 2219; x_wconf 91' lang='lat' dir='ltr'>usque</span> <span class='ocrx_word' id='word_1_159' title='bbox 912 2153 986 2204; x_wconf 87' lang='lat' dir='ltr'>ad</span> <span class='ocrx_word' id='word_1_160' title='bbox 1039 2168 1253 2204; x_wconf 89' lang='lat' dir='ltr'>annum</span> <span class='ocrx_word' id='word_1_161' title='bbox 1312 2154 1406 2204; x_wconf 77' lang='lat'>145</span> <span class='ocrx_word' id='word_1_162' title='bbox 1459 2168 1691 2218; x_wconf 90' lang='lat' dir='ltr'>semper</span> <span class='ocrx_word' id='word_1_163' title='bbox 1743 2168 1984 2203; x_wconf 88' lang='lat' dir='ltr'>numero</span> <span class='ocrx_word' id='word_1_164' title='bbox 2038 2153 2244 2218; x_wconf 88' lang='lat' dir='ltr'>plurali</span> 
     </span>
    </p>

    <p class='ocr_par' dir='ltr' id='par_1_8' title="bbox 265 2242 2243 2308">
     <span class='ocr_line' id='line_1_22' title="bbox 265 2242 2243 2308; baseline 0.001 -14"><span class='ocrx_word' id='word_1_165' title='bbox 265 2244 698 2308; x_wconf 79' lang='grc' dir='ltr'>(Φιλομητορων)</span> <span class='ocrx_word' id='word_1_166' title='bbox 725 2244 1050 2295; x_wconf 87' lang='lat' dir='ltr'>utebantur.</span> <span class='ocrx_word' id='word_1_167' title='bbox 1102 2243 1212 2307; x_wconf 82' lang='lat' dir='ltr'>Qui</span> <span class='ocrx_word' id='word_1_168' title='bbox 1248 2244 1297 2294; x_wconf 93' lang='lat' dir='ltr'>si</span> <span class='ocrx_word' id='word_1_169' title='bbox 1334 2245 1428 2294; x_wconf 86' lang='lat' dir='ltr'>vel</span> <span class='ocrx_word' id='word_1_170' title='bbox 1463 2244 1853 2308; x_wconf 81' lang='lat' dir='ltr'>neglegebant</span> <span class='ocrx_word' id='word_1_171' title='bbox 1888 2244 1983 2294; x_wconf 89' lang='lat' dir='ltr'>vel</span> <span class='ocrx_word' id='word_1_172' title='bbox 2018 2242 2243 2308; x_wconf 87' lang='lat' dir='ltr'>ignora-</span> 
     </span>
    </p>

    <p class='ocr_par' dir='ltr' id='par_1_9' title="bbox 263 2333 2244 2398">
     <span class='ocr_line' id='line_1_23' title="bbox 263 2333 2244 2398; baseline 0.001 -15"><span class='ocrx_word' id='word_1_173' title='bbox 263 2334 402 2384; x_wconf 89' lang='lat' dir='ltr'>bant</span> <span class='ocrx_word' id='word_1_174' title='bbox 437 2340 570 2398; x_wconf 89' lang='lat' dir='ltr'>post</span> <span class='ocrx_word' id='word_1_175' title='bbox 606 2340 854 2384; x_wconf 90' lang='lat' dir='ltr'>mortem</span> <span class='ocrx_word' id='word_1_176' title='bbox 876 2333 1282 2384; x_wconf 90' lang='lat' dir='ltr'>Philometoris</span> <span class='ocrx_word' id='word_1_177' title='bbox 1319 2334 1375 2384; x_wconf 88' lang='lat' dir='ltr'>in</span> <span class='ocrx_word' id='word_1_178' title='bbox 1411 2333 1596 2384; x_wconf 91' lang='lat' dir='ltr'>indice</span> <span class='ocrx_word' id='word_1_179' title='bbox 1622 2334 2088 2384; x_wconf 88' lang='lat' dir='ltr'>Ptolemaeorum</span> <span class='ocrx_word' id='word_1_180' title='bbox 2115 2347 2244 2384; x_wconf 88' lang='lat' dir='ltr'>con-</span> 
     </span>
    </p>

    <p class='ocr_par' dir='ltr' id='par_1_10' title="bbox 264 2423 2241 2579">
     <span class='ocr_line' id='line_1_24' title="bbox 265 2423 2241 2486; baseline 0.001 -13"><span class='ocrx_word' id='word_1_181' title='bbox 265 2431 626 2474; x_wconf 85' lang='lat' dir='ltr'>secratorum</span> <span class='ocrx_word' id='word_1_182' title='bbox 671 2423 793 2473; x_wconf 90' lang='lat' dir='ltr'>eius</span> <span class='ocrx_word' id='word_1_183' title='bbox 847 2437 1091 2474; x_wconf 89' lang='lat' dir='ltr'>uxorem</span> <span class='ocrx_word' id='word_1_184' title='bbox 1146 2438 1277 2474; x_wconf 90' lang='lat' dir='ltr'>cum</span> <span class='ocrx_word' id='word_1_185' title='bbox 1331 2425 1514 2474; x_wconf 88' lang='lat' dir='ltr'>altero</span> <span class='ocrx_word' id='word_1_186' title='bbox 1561 2423 1768 2475; x_wconf 91' lang='lat' dir='ltr'>marito</span> <span class='ocrx_word' id='word_1_187' title='bbox 1805 2423 2057 2475; x_wconf 87' lang='lat' dir='ltr'>iunctam</span> <span class='ocrx_word' id='word_1_188' title='bbox 2096 2437 2241 2486; x_wconf 82' lang='lat' dir='ltr'>esse,</span> 
     </span>
     <span class='ocr_line' id='line_1_25' title="bbox 264 2512 2240 2579; baseline 0 -16"><span class='ocrx_word' id='word_1_189' title='bbox 264 2512 539 2579; x_wconf 78' lang='lat' dir='ltr'>perfacile</span> <span class='ocrx_word' id='word_1_190' title='bbox 584 2513 711 2564; x_wconf 86' lang='lat' dir='ltr'>fieri</span> <span class='ocrx_word' id='word_1_191' title='bbox 754 2512 964 2578; x_wconf 89' lang='lat' dir='ltr'>potuit,</span> <span class='ocrx_word' id='word_1_192' title='bbox 1025 2521 1087 2564; x_wconf 90' lang='lat' dir='ltr'>ut</span> <span class='ocrx_word' id='word_1_193' title='bbox 1133 2528 1438 2564; x_wconf 88' lang='lat' dir='ltr'>numerum</span> <span class='ocrx_word' id='word_1_194' title='bbox 1479 2515 1762 2579; x_wconf 90' lang='lat' dir='ltr'>pluralem</span> <span class='ocrx_word' id='word_1_195' title='bbox 1813 2520 2240 2564; x_wconf 83' lang='lat' dir='ltr'>conservarent.</span> 
     </span>
    </p>

    <p class='ocr_par' dir='ltr' id='par_1_11' title="bbox 265 2602 2241 2668">
     <span class='ocr_line' id='line_1_26' title="bbox 265 2602 2241 2668; baseline -0.001 -14"><span class='ocrx_word' id='word_1_196' title='bbox 265 2603 562 2654; x_wconf 89' lang='lat' dir='ltr'>Eiusmodi</span> <span class='ocrx_word' id='word_1_197' title='bbox 604 2618 833 2653; x_wconf 88' lang='lat' dir='ltr'>errores</span> <span class='ocrx_word' id='word_1_198' title='bbox 871 2602 1193 2653; x_wconf 90' lang='lat' dir='ltr'>scribarum</span> <span class='ocrx_word' id='word_1_199' title='bbox 1229 2602 1394 2654; x_wconf 50' lang='lat' dir='ltr'>haud¹</span> <span class='ocrx_word' id='word_1_200' title='bbox 1421 2603 1502 2654; x_wconf 90' lang='lat' dir='ltr'>ita</span> <span class='ocrx_word' id='word_1_201' title='bbox 1538 2617 1671 2654; x_wconf 89' lang='lat' dir='ltr'>raro</span> <span class='ocrx_word' id='word_1_202' title='bbox 1711 2602 2241 2668; x_wconf 78' lang='lat' dir='ltr'>deprehenduntur3</span> 
     </span>
    </p>

    <p class='ocr_par' dir='ltr' id='par_1_12' title="bbox 267 2678 2241 2759">
     <span class='ocr_line' id='line_1_27' title="bbox 267 2678 2241 2759; baseline -0.001 -15"><span class='ocrx_word' id='word_1_203' title='bbox 267 2708 526 2759; x_wconf 87' lang='lat' dir='ltr'>quorum,</span> <span class='ocrx_word' id='word_1_204' title='bbox 566 2708 696 2744; x_wconf 92' lang='lat' dir='ltr'>cum</span> <span class='ocrx_word' id='word_1_205' title='bbox 741 2702 949 2758; x_wconf 86' lang='lat' dir='ltr'>postea</span> <span class='ocrx_word' id='word_1_206' title='bbox 993 2693 1225 2758; x_wconf 88' lang='lat' dir='ltr'>saepius</span> <span class='ocrx_word' id='word_1_207' title='bbox 1282 2678 1495 2744; x_wconf 87' lang='lat' dir='ltr'>mentio</span> <span class='ocrx_word' id='word_1_208' title='bbox 1550 2693 1816 2744; x_wconf 80' lang='lat' dir='ltr'>facienda</span> <span class='ocrx_word' id='word_1_209' title='bbox 1864 2693 1949 2755; x_wconf 89' lang='lat' dir='ltr'>sit,</span> <span class='ocrx_word' id='word_1_210' title='bbox 1998 2692 2113 2743; x_wconf 90' lang='lat' dir='ltr'>iam</span> <span class='ocrx_word' id='word_1_211' title='bbox 2149 2692 2241 2743; x_wconf 92' lang='lat' dir='ltr'>hic</span> 
     </span>
    </p>

    <p class='ocr_par' dir='ltr' id='par_1_13' title="bbox 266 2783 1193 2848">
     <span class='ocr_line' id='line_1_28' title="bbox 266 2783 1193 2848; baseline 0 -14"><span class='ocrx_word' id='word_1_212' title='bbox 266 2785 541 2835; x_wconf 88' lang='lat' dir='ltr'>nonnulla</span> <span class='ocrx_word' id='word_1_213' title='bbox 577 2785 846 2848; x_wconf 89' lang='lat' dir='ltr'>exempla</span> <span class='ocrx_word' id='word_1_214' title='bbox 881 2783 1193 2848; x_wconf 79' lang='lat' dir='ltr'>proferam.</span> 
     </span>
    </p>

    <p class='ocr_par' dir='ltr' id='par_1_14' title="bbox 269 2871 2238 3014">
     <span class='ocr_line' id='line_1_29' title="bbox 446 2871 2238 2938; baseline -0.001 -14"><span class='ocrx_word' id='word_1_215' title='bbox 446 2874 639 2938; x_wconf 86' lang='lat' dir='ltr'>Atque</span> <span class='ocrx_word' id='word_1_216' title='bbox 666 2874 810 2923; x_wconf 90' lang='lat' dir='ltr'>duos</span> <span class='ocrx_word' id='word_1_217' title='bbox 836 2872 1115 2938; x_wconf 89' lang='lat' dir='ltr'>imprimis</span> <span class='ocrx_word' id='word_1_218' title='bbox 1143 2887 1372 2923; x_wconf 90' lang='lat' dir='ltr'>errores</span> <span class='ocrx_word' id='word_1_219' title='bbox 1398 2871 1455 2922; x_wconf 91' lang='lat' dir='ltr'>in</span> <span class='ocrx_word' id='word_1_220' title='bbox 1480 2871 1854 2936; x_wconf 86' lang='lat' dir='ltr'>praescriptis</span> <span class='ocrx_word' id='word_1_221' title='bbox 1883 2886 2238 2936; x_wconf 85' lang='lat' dir='ltr'>papyrorum</span> 
     </span>
     <span class='ocr_line' id='line_1_30' title="bbox 269 2947 2109 3014; baseline -0.001 -1"><span class='ocrx_word' id='word_1_222' title='bbox 269 2964 471 3014; x_wconf 88' lang='lat' dir='ltr'>obvios</span> <span class='ocrx_word' id='word_1_223' title='bbox 510 2963 921 3014; x_wconf 90' lang='lat' dir='ltr'>discernendos</span> <span class='ocrx_word' id='word_1_224' title='bbox 961 2978 1090 3013; x_wconf 91' lang='lat' dir='ltr'>esse</span> <span class='ocrx_word' id='word_1_225' title='bbox 1130 2977 1363 3013; x_wconf 89' lang='lat' dir='ltr'>censeo:</span> <span class='ocrx_word' id='word_1_226' title='bbox 2107 2947 2109 2949; x_wconf 28' lang='lat'><strong><em>¹</em></strong></span> 
     </span>
    </p>

    <p class='ocr_par' dir='ltr' id='par_1_15' title="bbox 271 3050 2245 3295">
     <span class='ocr_line' id='line_1_31' title="bbox 449 3050 2242 3117; baseline 0 -14"><span class='ocrx_word' id='word_1_227' title='bbox 449 3054 503 3117; x_wconf 76' lang='lat' dir='ltr'>a)</span> <span class='ocrx_word' id='word_1_228' title='bbox 542 3068 771 3104; x_wconf 88' lang='lat' dir='ltr'>errores</span> <span class='ocrx_word' id='word_1_229' title='bbox 808 3053 902 3117; x_wconf 92' lang='lat' dir='ltr'>qui</span> <span class='ocrx_word' id='word_1_230' title='bbox 940 3054 1065 3103; x_wconf 88' lang='lat' dir='ltr'>sola</span> <span class='ocrx_word' id='word_1_231' title='bbox 1102 3052 1368 3103; x_wconf 87' lang='lat' dir='ltr'>socordia</span> <span class='ocrx_word' id='word_1_232' title='bbox 1405 3052 1725 3102; x_wconf 87' lang='lat' dir='ltr'>scribarum</span> <span class='ocrx_word' id='word_1_233' title='bbox 1763 3050 1871 3102; x_wconf 88' lang='lat' dir='ltr'>orti</span> <span class='ocrx_word' id='word_1_234' title='bbox 1907 3059 2059 3102; x_wconf 91' lang='lat' dir='ltr'>sunt:</span> <span class='ocrx_word' id='word_1_235' title='bbox 2108 3067 2154 3103; x_wconf 92' lang='lat' dir='ltr'>e.</span> <span class='ocrx_word' id='word_1_236' title='bbox 2189 3066 2242 3117; x_wconf 85' lang='lat' dir='ltr'>g.</span> 
     </span>
     <span class='ocr_line' id='line_1_32' title="bbox 271 3139 2242 3206; baseline -0.002 -12"><span class='ocrx_word' id='word_1_237' title='bbox 271 3144 330 3194; x_wconf 79' lang='grc' dir='ltr'>Β.</span> <span class='ocrx_word' id='word_1_238' title='bbox 359 3144 424 3194; x_wconf 84' lang='lat' dir='ltr'>G.</span> <span class='ocrx_word' id='word_1_239' title='bbox 451 3143 518 3194; x_wconf 86' lang='lat' dir='ltr'>U.</span> <span class='ocrx_word' id='word_1_240' title='bbox 547 3143 660 3204; x_wconf 82' lang='lat'>996,</span> <span class='ocrx_word' id='word_1_241' title='bbox 687 3142 719 3191; x_wconf 75' lang='lat'>4</span> <span class='ocrx_word' id='word_1_242' title='bbox 757 3142 931 3206; x_wconf 88' lang='lat' dir='ltr'>(anno</span> <span class='ocrx_word' id='word_1_243' title='bbox 974 3142 1144 3198; x_wconf 70' lang='lat' dir='ltr'>107s6:</span> <span class='ocrx_word' id='word_1_244' title='bbox 1184 3142 1267 3191; x_wconf 86' lang='grc' dir='ltr'>καὶ</span> <span class='ocrx_word' id='word_1_245' title='bbox 1305 3144 1445 3191; x_wconf 79' lang='grc' dir='ltr'>Θεῶν</span> <span class='ocrx_word' id='word_1_246' title='bbox 1466 3141 1784 3203; x_wconf 84' lang='grc' dir='ltr'>Ἐπιφανῶν</span> <span class='ocrx_word' id='word_1_247' title='bbox 1807 3141 1890 3190; x_wconf 87' lang='grc' dir='ltr'>καὶ</span> <span class='ocrx_word' id='word_1_248' title='bbox 1916 3142 2044 3191; x_wconf 79' lang='grc' dir='ltr'>Θεοῦ</span> <span class='ocrx_word' id='word_1_249' title='bbox 2073 3139 2242 3191; x_wconf 86' lang='grc' dir='ltr'>Εὐπά-</span> 
     </span>
     <span class='ocr_line' id='line_1_33' title="bbox 272 3229 2245 3295; baseline 0.001 -15"><span class='ocrx_word' id='word_1_250' title='bbox 272 3249 434 3295; x_wconf 85' lang='grc' dir='ltr'>τορος</span> <span class='ocrx_word' id='word_1_251' title='bbox 473 3233 554 3281; x_wconf 85' lang='grc' dir='ltr'>καὶ</span> <span class='ocrx_word' id='word_1_252' title='bbox 592 3233 719 3282; x_wconf 79' lang='grc' dir='ltr'>Θεοῦ</span> <span class='ocrx_word' id='word_1_253' title='bbox 761 3230 1135 3294; x_wconf 83' lang='grc' dir='ltr'>Φιλομήτορος</span> <span class='ocrx_word' id='word_1_254' title='bbox 1170 3231 1297 3281; x_wconf 75' lang='grc' dir='ltr'>νέου</span> <span class='ocrx_word' id='word_1_255' title='bbox 1337 3231 1419 3280; x_wconf 87' lang='grc' dir='ltr'>καὶ</span> <span class='ocrx_word' id='word_1_256' title='bbox 1457 3233 1585 3281; x_wconf 80' lang='grc' dir='ltr'>Θεοῦ</span> <span class='ocrx_word' id='word_1_257' title='bbox 1625 3229 1934 3293; x_wconf 73' lang='grc' dir='ltr'>Εὐεργέτου.</span> <span class='ocrx_word' id='word_1_258' title='bbox 1991 3229 2130 3294; x_wconf 84' lang='lat' dir='ltr'>Quis</span> <span class='ocrx_word' id='word_1_259' title='bbox 2157 3238 2245 3282; x_wconf 85' lang='lat' dir='ltr'>est</span> 
     </span>
    </p>
   </div>
   <div class='ocr_carea' id='block_1_3' title="bbox 471 3375 625 3379">
    <p class='ocr_par' dir='ltr' id='par_1_16' title="bbox 471 3375 625 3379">
     <span class='ocr_line' id='line_1_34' title="bbox 471 3375 625 3379; baseline 0 0"><span class='ocrx_word' id='word_1_260' title='bbox 471 3375 625 3379; x_wconf 95' lang='lat' dir='ltr'> </span> 
     </span>
    </p>
   </div>
   <div class='ocr_carea' id='block_1_4' title="bbox 275 3453 2244 3652">
    <p class='ocr_par' dir='ltr' id='par_1_17' title="bbox 275 3453 2244 3652">
     <span class='ocr_line' id='line_1_35' title="bbox 454 3453 2244 3505; baseline -0.002 -12"><span class='ocrx_word' id='word_1_261' title='bbox 454 3456 484 3503; x_wconf 69' lang='lat'>¹)</span> <span class='ocrx_word' id='word_1_262' title='bbox 514 3455 793 3493; x_wconf 83' lang='lat' dir='ltr'>Dcmotische</span> <span class='ocrx_word' id='word_1_263' title='bbox 823 3455 1010 3505; x_wconf 79' lang='lat' dir='ltr'>Papyrus</span> <span class='ocrx_word' id='word_1_264' title='bbox 1048 3467 1121 3492; x_wconf 83' lang='lat' dir='ltr'>aus</span> <span class='ocrx_word' id='word_1_265' title='bbox 1151 3455 1247 3493; x_wconf 85' lang='lat' dir='ltr'>dem</span> <span class='ocrx_word' id='word_1_266' title='bbox 1277 3453 1550 3504; x_wconf 71' lang='lat' dir='ltr'>koniglichen</span> <span class='ocrx_word' id='word_1_267' title='bbox 1580 3453 1772 3492; x_wconf 88' lang='lat' dir='ltr'>Museum</span> <span class='ocrx_word' id='word_1_268' title='bbox 1803 3466 1850 3492; x_wconf 90' lang='lat' dir='ltr'>zu</span> <span class='ocrx_word' id='word_1_269' title='bbox 1880 3453 2038 3501; x_wconf 87' lang='lat' dir='ltr'>Berlin;</span> <span class='ocrx_word' id='word_1_270' title='bbox 2075 3453 2244 3491; x_wconf 84' lang='lat' dir='ltr'>heraus-</span> 
     </span>
     <span class='ocr_line' id='line_1_36' title="bbox 275 3526 2243 3579; baseline 0 -15"><span class='ocrx_word' id='word_1_271' title='bbox 275 3528 463 3577; x_wconf 62' lang='lat' dir='ltr'>gegeben</span> <span class='ocrx_word' id='word_1_272' title='bbox 498 3542 578 3566; x_wconf 75' lang='lat' dir='ltr'>von</span> <span class='ocrx_word' id='word_1_273' title='bbox 609 3530 682 3566; x_wconf 82' lang='lat' dir='ltr'>der</span> <span class='ocrx_word' id='word_1_274' title='bbox 704 3529 1151 3579; x_wconf 83' lang='lat' dir='ltr'>Generalverwaltung</span> <span class='ocrx_word' id='word_1_275' title='bbox 1180 3531 1255 3567; x_wconf 82' lang='lat' dir='ltr'>mit</span> <span class='ocrx_word' id='word_1_276' title='bbox 1278 3529 1586 3567; x_wconf 68' lang='lat' dir='ltr'>erlauterndem</span> <span class='ocrx_word' id='word_1_277' title='bbox 1608 3528 1744 3566; x_wconf 85' lang='lat' dir='ltr'>Texte</span> <span class='ocrx_word' id='word_1_278' title='bbox 1766 3541 1848 3566; x_wconf 89' lang='lat' dir='ltr'>von</span> <span class='ocrx_word' id='word_1_279' title='bbox 1869 3528 1934 3569; x_wconf 92' lang='lat' dir='ltr'>W.</span> <span class='ocrx_word' id='word_1_280' title='bbox 1957 3526 2243 3579; x_wconf 81' lang='lat' dir='ltr'>Spiegelberg‚</span> 
     </span>
     <span class='ocr_line' id='line_1_37' title="bbox 275 3602 873 3652; baseline 0.003 -13"><span class='ocrx_word' id='word_1_281' title='bbox 275 3602 448 3652; x_wconf 72' lang='lat' dir='ltr'>Leipzig</span> <span class='ocrx_word' id='word_1_282' title='bbox 478 3603 561 3640; x_wconf 81' lang='lat' dir='ltr'>und</span> <span class='ocrx_word' id='word_1_283' title='bbox 591 3604 729 3641; x_wconf 78' lang='lat' dir='ltr'>Berlin</span> <span class='ocrx_word' id='word_1_284' title='bbox 766 3614 873 3651; x_wconf 71' lang='lat'>1902.</span> 
     </span>
    </p>
   </div>
  </div>
 </body>
</html>
