2496 3996
293 282 360 332 46
688 296 754 334 De
783 296 1059 347 praescriptis
1089 297 1463 336 instrumentorum
1492 298 1758 350 publicorum
1789 307 1868 340 etc.

1228 498 1339 562 §2

565 652 651 694 DE
684 652 1079 696 PTOLEMAEO
1113 653 1456 697 EUPATORE
1490 655 1572 698 ET
1606 656 1998 702 PTOLEMAEO

973 735 1102 778 NEO
1136 735 1601 788 PHILOPATORE.

473 885 535 936 In
584 885 771 950 capite
819 886 1206 950 praecedente
1249 886 1498 938 vidimus
1546 887 1755 938 seriem
1802 888 2267 943 Ptolemaeorum

294 982 769 1027 consecratorum
822 975 880 1026 in
940 977 1316 1042 praescriptis
1375 978 1890 1030 instrumentorum
1950 994 2133 1045 usque
2195 981 2270 1032 ad

293 1074 541 1116 mortem
577 1066 895 1116 Ptolemaei
931 1067 1012 1118 VI
1036 1066 1441 1118 Philometoris
1480 1067 1533 1133 (i.
1561 1083 1607 1119 e.
1636 1069 1711 1118 ad
1736 1082 1786 1119 a.
1817 1068 1932 1132 145)
1958 1068 2071 1119 hoc
2095 1069 2268 1120 modo

290 1155 517 1206 finitam
555 1170 719 1206 esse:
767 1156 880 1206 Θεοὶ
912 1155 1231 1219 Ἐπιφανεῖς
1256 1187 1320 1191 -
1347 1156 1473 1218 Θεὸς
1513 1156 1773 1220 Εὐπάτωρ
1798 1188 1864 1192 -
1890 1158 2003 1207 θεοὶ
2041 1157 2270 1221 Φιλομή-

292 1261 462 1308 τορες.
506 1246 645 1296 Post
679 1253 928 1296 mortem
965 1245 1370 1297 Philometoris
1408 1245 1759 1312 aliquamdiu
1795 1246 1937 1297 ordo
1974 1246 2270 1299 nominum

291 1335 628 1387 inconstans
681 1335 1151 1401 deprehenditur;
1196 1350 1333 1386 nam
1375 1335 1653 1401 Aegyptii
1708 1342 1764 1386 et
1811 1334 2272 1399 Εὐπάτωρ-Φιλο-

296 1425 477 1488 μήτωρ
532 1433 588 1476 et
638 1424 1266 1488 Φιλομήτωρ-Εὐπάτωρ
1319 1426 1588 1489 scribunt,
1639 1440 1787 1491 quae
1837 1423 2089 1476 formula
2138 1433 2271 1490 post

292 1529 508 1566 annum
557 1516 652 1566 140
688 1530 736 1566 a.
774 1515 906 1567 Chr.
940 1531 993 1566 n.
1039 1515 1119 1566 ita
1164 1530 1435 1581 campum
1483 1515 1738 1578 obtinuit,
1783 1523 1846 1565 ut
1885 1516 2012 1566 sola
2047 1516 2272 1567 valeret

291 1619 476 1670 usque
526 1605 601 1656 ad
647 1613 896 1656 mortem
941 1606 1224 1657 Ptolemai
1258 1606 1389 1658 VIII
1437 1607 1558 1672 (116
1599 1621 1647 1658 a.
1685 1606 1863 1671 Chr.);
1913 1613 2034 1657 tum
2082 1606 2269 1658 denuo

290 1695 535 1747 redeunt
561 1696 636 1746 ad
660 1696 914 1760 priorem
938 1695 1250 1748 formulam
1274 1695 1899 1759 Εὐπάτωρ-Φιλομήτωρ.
1934 1696 2269 1761 VideamUS‚

253 1835 257 1838 .
290 1800 441 1850 quae
480 1800 659 1836 causa
695 1786 903 1836 harum
940 1786 1324 1837 mutationum
1360 1785 1546 1837 fuerit.

469 1875 677 1926 Strack
727 1874 1032 1939 (Dynastie
1070 1890 1202 1940 pag.
1245 1875 1379 1940 180),
1426 1875 1519 1941 qui
1564 1883 1722 1927 recte
1768 1877 2047 1928 conclusit
2085 1891 2157 1927 ex
2193 1877 2271 1928 in-

289 1965 601 2030 scriptione
641 1964 857 2030 Cypria
895 1965 1109 2030 (Lebas
1145 1965 1230 2029 III,
1269 1965 1402 2016 2809
1430 1987 1482 2002 =
1510 1965 1717 2017 Strack
1753 1981 1805 2016 n.
1849 1966 1937 2017 lOl
1969 1987 2023 2003 =
2050 1966 2270 2018 Ditten·

290 2056 530 2120 berger,
561 2055 729 2106 inscr.
774 2055 963 2106 >orient
998 2056 1035 2118 I,
1079 2055 1193 2121 125)
1239 2056 1595 2121 Eupatorem
1638 2055 1819 2108 fuisse
1862 2056 2044 2108 filium
2087 2057 2271 2108 Ptole-

289 2159 592 2196 maeorum
624 2144 1094 2208 Philometorum,
1134 2160 1265 2196 cum
1302 2145 1817 2220 hactinscriptione
1856 2145 2147 2198 coniunxit
2185 2161 2269 2210 ea,

289 2250 438 2301 quae
467 2234 728 2302 Justinus
764 2235 844 2298 38,
883 2235 930 2298 8,
969 2235 1000 2285 3
1037 2235 1354 2286 memoriae
1399 2234 1663 2300 prodidit,
1710 2236 2108 2287 Ptolemaeum
2140 2237 2271 2288 VIII

288 2326 445 2376 haud
480 2325 560 2376 ita
584 2327 764 2376 multo
791 2332 924 2390 post
948 2332 1197 2376 mortem
1222 2325 1433 2389 fratris,
1460 2325 1777 2376 Ptolemaei
1802 2325 1897 2389 VI,
1925 2325 2048 2376 eius
2072 2325 2267 2389 filium,

288 2416 384 2481 qui
419 2416 576 2481 regis
611 2430 825 2466 nornen
861 2423 1142 2481 gesserat,
1180 2415 1555 2479 interfecisse,
1593 2424 1656 2467 ut
1692 2416 2065 2467 contenderet
2088 2415 2269 2467 filium

286 2508 447 2558 illum
492 2522 526 2557 a
570 2507 905 2557 Ptolemaeo
949 2506 1080 2558 VIII
1121 2506 1490 2558 interfectum
1535 2505 1714 2557 fuisse
1758 2506 2128 2571 Eupatorem,
2175 2505 2270 2570 qui

287 2598 344 2648 in
381 2597 755 2662 praescriptis
792 2611 1152 2662 papyrorum
1187 2596 1531 2648 nominatur.
1606 2597 1823 2648 Contra
1858 2597 2009 2647 hanc
2045 2603 2269 2646 senten-

286 2688 441 2751 tiam,
480 2702 655 2753 quam
693 2687 1105 2753 Dittenberger
1141 2687 1329 2751 (inser.
1369 2686 1566 2738 orient.
1594 2687 1631 2750 I,
1662 2686 1756 2737 125
1781 2686 1909 2737 adn.
1941 2687 1988 2748 1)
2015 2693 2071 2736 et
2096 2685 2268 2736 Niese

207 2796 209 2798 ·
288 2777 538 2842 (Griech.
585 2777 795 2829 Gesch.
834 2778 919 2841 III,
966 2792 1098 2843 pag.
1144 2777 1265 2841 266)
1311 2776 1418 2828 sibi
1464 2778 1770 2842 probatam
1816 2791 1946 2827 esse
1997 2775 2265 2838 fatentur,

286 2867 617 2933 nuperrime
664 2867 915 2918 editores
953 2867 1116 2918 Tebt.
1153 2867 1291 2932 Pap.
1329 2867 1352 2917 Ι
1395 2881 1527 2932 pag.
1565 2867 1666 2917 554
1700 2867 1847 2917 haec
1882 2867 2265 2931 protulerunt:

292 2957 587 3008 »Another
625 2957 684 3008 of
720 2958 817 3008 the
857 2957 1065 3008 crimes
1094 2957 1322 3022 alleged
1348 2956 1576 3022 against
1602 2957 1720 3008 him
1746 2956 1797 3021 (i.
1826 2970 1871 3007 e.
1898 2956 2266 3007 Ptolemaeus

288 3047 437 3111 VIII)
482 3047 561 3117 by
596 3046 784 3114 Justin
827 3046 884 3096 in
928 3047 1027 3097 the
1073 3061 1236 3097 same
1282 3046 1536 3111 chapter,
1583 3046 1680 3096 the
1725 3045 1959 3096 murder
2002 3045 2060 3095 in
2102 3045 2164 3096 Β.
2203 3045 2264 3097 C.

292 3138 386 3187 145
424 3136 484 3187 of
520 3152 554 3188 a
590 3135 857 3202 youthful
896 3151 1003 3187 son
1041 3135 1101 3186 of
1136 3135 1505 3198 Philometor,
1543 3135 1592 3186 is
1630 3150 1782 3200 open
1818 3143 1877 3186 to
1915 3135 2027 3186 still
2053 3150 2266 3200 graver

288 3227 593 3291 suspicion.
683 3226 822 3276 This
885 3241 990 3276 son
1053 3226 1161 3276 has
1225 3227 1526 3290 generally
1578 3225 1727 3276 been
1779 3224 2075 3276 identified
2127 3225 2265 3277 With

285 3316 559 3380 Eupator,
615 3316 749 3370 Who
804 3330 928 3366 was
973 3315 1369 3380 undoubtedly
1406 3330 1441 3366 a
1477 3330 1583 3366 son
1629 3316 1689 3366 of
1723 3315 2113 3366 Philometor.
2141 3356 2151 3367 .
2179 3355 2190 3366 .
2218 3336 2260 3366 .«

290 3407 430 3456 »But
465 3406 522 3456 in
560 3421 593 3456 a
619 3406 877 3457 Gebelen
915 3405 1163 3456 demotic
1199 3407 1458 3478 papyrus
1495 3405 1551 3455 in
1587 3406 1684 3455 the
1710 3405 1970 3469 Rylands
2002 3396 2261 3469 Library‚

286 3497 545 3558 recently
584 3495 932 3559 deciphered
968 3495 1047 3559 by
1083 3494 1334 3557 Griffith,
1373 3495 1632 3560 Eupator
1674 3494 1723 3545 is
1761 3494 2088 3545 associated
2127 3493 2262 3544 with

287 3584 375 3634 his
419 3592 655 3647 parents
699 3585 753 3634 in
800 3586 897 3635 the
942 3584 1319 3649 sovereignty
1353 3584 1410 3634 in
1446 3584 1595 3635 their
1630 3585 1768 3635 29th
1804 3599 1968 3648 year;
2025 3582 2139 3634 and
2174 3581 2261 3633 his
