2496 3996
628 275 694 313 De
723 275 939 313 nonnullis
971 275 1165 326 epistulis
1195 275 1499 325 imperatorum
1527 275 1830 315 Romanorum.
2146 265 2212 315 29

242 420 394 472 tione
444 417 690 482 probata
743 431 846 481 per
881 416 1101 467 litteras
1155 416 1398 467 nuntiat:
1459 418 1624 465 ταῦτα
1685 416 1961 467 ἐπέστειλα
2006 420 2089 468 καὶ
2132 424 2207 485 τῷ

175 574 177 576 ³
242 507 505 572 κρατίστῳ
561 504 863 572 ’ἀνθυπάτῳ
925 505 1203 571 Στερτινίῳ
1268 505 1613 572 Κουαρ[τίνῳ]
1670 507 1752 556 καὶ
1809 511 1883 572 τῷ
1945 507 2207 574 ἐπιτρόπῳ

242 613 344 661 μου
404 594 706 662 [Πο]μπηίῳ
758 585 1061 662 Σεου[ήρῳ]
1118 596 1200 660 (Β.
1240 595 1301 646 C.
1339 596 1408 646 H.
1464 595 1564 658 XI,
1625 596 1750 646 1887
1810 611 1861 660 p.
1922 597 2015 646 109
2063 595 2209 664 sqq.;

241 685 664 750 Dittenberger,
724 685 896 749 Syll.2
942 701 994 735 n.
1041 686 1160 749 3873
1222 684 1547 735 Lafoscade
1602 700 1653 734 n.
1703 684 1803 748 23).
1891 685 2047 750 Ergo
2095 702 2209 738 non

239 777 426 826 solum
475 773 675 825 incolis
718 774 1113 826 Stratoniceae
1156 775 1397 840 scripsit,
1449 775 1550 826 sed
1594 774 1766 825 etiam
1804 778 2209 839 proconsulem

239 864 309 916 de
358 879 550 922 causa,
588 864 658 915 de
707 879 820 929 qua
868 864 1071 929 agitur,
1121 865 1425 933 certionem
1471 864 1607 915 fecit
1643 879 1748 929 per
1781 864 2017 928 litteras,
2063 881 2210 931 quae

239 954 532 1006 seiunctae
599 963 654 1005 et
705 963 1011 1020 separatae
1066 955 1136 1006 ab
1193 955 1438 1020 epistula
1495 955 1846 1020 supplicibus
1895 954 2108 1019 scripta
2155 956 2211 1006 in

239 1044 442 1096 Asiam
490 1046 703 1096 missae
751 1053 895 1096 sunt.
979 1045 1314 1111 Eademque
1365 1053 1452 1095 est
1501 1059 1679 1096 causa
1725 1045 1781 1095 in
1830 1059 1898 1095 ea
1950 1045 2210 1110 epistula,

240 1141 412 1191 quam
467 1127 795 1178 Hadrianus
845 1128 920 1178 ad
963 1134 1227 1178 senatum
1275 1127 1589 1192 Ephesium
1639 1127 1888 1192 scripsit:
1953 1128 2212 1191 πέπομφα

240 1216 392 1279 ὑμῶν
453 1216 514 1265 τὸ
564 1215 895 1279 ἀντίγραφον
943 1218 1039 1265 τοῦ
1088 1215 1444 1278 ψηφίσματος
1500 1215 1773 1281 Κορνηλίῳ
1822 1215 2074 1281 Πρείσκῳ
2134 1221 2210 1284 τῷ

241 1305 504 1371 κρατίστῳ
544 1304 1096 1372 ἀνθυπάτῳ,’ἵνα....
1136 1305 1402 1370 (CurtiuS,
1441 1305 1689 1356 Hermes
1725 1305 1820 1368 IV,
1863 1306 1992 1356 1870
2027 1321 2079 1371 p.
2119 1308 2213 1357 178

242 1416 295 1431 2
330 1395 656 1446 Lafoscade
703 1410 755 1447 n.
803 1395 905 1459 20),
955 1403 1011 1445 et
1057 1395 1114 1445 in
1163 1395 1407 1460 epistula
1456 1396 1526 1446 ab
1581 1396 1874 1446 Antonino
1929 1397 2002 1447 ad
2039 1396 2212 1448 Coro-

238 1500 450 1536 nenses
499 1485 734 1550 scripta:
786 1485 1063 1535 ἐπέστειλα
1112 1486 1171 1534 be
1220 1487 1303 1535 καὶ
1352 1485 1603 1551 Μεστρίῳ
1653 1485 2034 1551 Ἀριστωνύμῳ
2086 1486 2212 1536 ἀπο-

242 1576 498 1637 μετρῆσαι
544 1575 609 1623 τὰ
654 1573 872 1637 πλέθρα.
921 1575 1003 1638 (Β.
1033 1575 1092 1625 C.
1120 1575 1190 1625 H.
1227 1575 1299 1637 V,
1353 1575 1475 1625 1881
1528 1590 1580 1640 p.
1619 1575 1717 1625 452
1765 1590 1886 1640 sqq.
1922 1595 1975 1610 Ξ
2011 1575 2212 1626 Lasos-

241 1664 383 1714 cade
430 1680 482 1715 n.
530 1665 632 1729 58).
715 1664 886 1715 Addo
937 1666 1263 1729 exemplum
1308 1665 1615 1729 repetitum
1664 1679 1736 1714 ex
1782 1664 1842 1715 C.
1880 1665 1916 1715 Ι.
1954 1665 2016 1715 L.
2055 1665 2125 1727 X,
2164 1665 2211 1728 2,

237 1753 385 1816 8038,
441 1769 555 1820 qua
604 1755 657 1805 in
715 1755 961 1820 epistula
1008 1754 1409 1819 Vespasianus
1455 1754 1887 1818 magistratibus
1948 1762 2003 1804 et
2050 1741 2212 1806 sena-

237 1843 456 1895 toribus
504 1844 936 1895 Vanacinorum
985 1844 1201 1895 scribit:
1268 1866 1358 1887 >›-—
1410 1844 1479 1894 de
1540 1844 1936 1894 controversia
1994 1843 2210 1907 finium,

238 1948 411 1998 quam
457 1934 683 1984 habetis
737 1931 1183 1985 cum'Marianis
1226 1933 1496 1998 pendenti
1545 1948 1618 1983 ex
1666 1934 1712 1983 is
1763 1934 1933 1999 agriS,
1984 1949 2128 1999 quos
2177 1950 2212 1985 a

237 2032 612 2088 procuratore
649 2039 779 2074 meo
805 2023 1044 2074 Publilio
1078 2023 1413 2074 Memoriale
1453 2023 1685 2082 emistiS,
1723 2030 1784 2075 ut
1819 2023 2009 2073 finiret
2048 2024 2211 2074 Clau-

238 2112 363 2163 dius
413 2113 681 2165 Clemens
735 2122 1078 2180 procurator
1129 2128 1309 2176 meus,
1367 2112 1610 2178 scripsi
1665 2113 1724 2163 ei
1780 2120 1835 2163 et
1883 2128 2211 2163 mensorem

238 2202 414 2254 misi«.
486 2203 618 2254 Alia
666 2211 754 2254 est
791 2218 968 2254 causa
1003 2203 1061 2253 in
1099 2203 1159 2253 C.
1196 2203 1232 2253 Ι.
1270 2203 1330 2253 L.
1368 2202 1453 2262 HI,
1503 2203 1623 2252 781;
1683 2203 1744 2253 L.
1791 2201 2030 2253 Ovinius
2078 2203 2212 2253 Ter-

238 2293 426 2355 tullus,
483 2292 578 2358 qui
628 2292 734 2343 fuit
779 2295 1007 2358 legatus
1043 2293 1443 2358 Augustorum
1490 2293 1747 2343 Moesiae
1794 2292 2078 2343 inferioris
2114 2293 2212 2343 im-

239 2382 572 2447 perantibus
610 2383 829 2434 Severo
869 2390 924 2434 et
962 2383 1280 2446 Caracalla,
1319 2383 1487 2433 mittit
1512 2383 1758 2447 Tyranis
1798 2382 2102 2447 epistulam
2140 2382 2212 2432 de
2305 2432 2309 2437 ,

241 2487 439 2523 eorum
492 2473 848 2524 immunitate
904 2473 975 2523 ad
1025 2488 1088 2523 se
1138 2473 1332 2523 datam
1382 2473 1452 2522 ab
1500 2471 1943 2536 imperatoribus
1992 2472 2211 2523 Severo

242 2570 297 2613 et
335 2562 651 2614 Caracalla.
726 2562 1090 2627 Quamquam
1146 2578 1218 2613 ex
1267 2562 1511 2626 epistula
1558 2561 1987 2626 imperatorum,
2038 2575 2211 2626 quam

240 2652 565 2703 Mommsen
608 2651 938 2702 doctissime
976 2652 1280 2717 supplevit,
1319 2659 1562 2717 apparet
1587 2651 1852 2715 Tyranos
1878 2650 2211 2715 petitionem

243 2742 312 2792 de
341 2757 519 2793 causa
545 2757 652 2792 sua
671 2742 916 2792 Romam
942 2742 1184 2805 misisse,
1204 2750 1401 2792 tamen
1419 2741 1800 2806 imperatores
1825 2755 1941 2790 non
1966 2740 2212 2804 Tyranis

203 2835 208 2838 ’
242 2832 576 2894 rescribunt,
627 2832 731 2882 sed
776 2833 970 2896 legato
1020 2831 1434 2897 Augustorum,
1485 2830 1579 2896 qui
1613 2830 1737 2895 ipse
1775 2830 2080 2895 epistulam
2116 2829 2214 2879 im-

242 2921 593 2988 peratoriam
641 2920 746 2971 sibi
793 2920 986 2970 datam
1024 2920 1270 2984 Tyranis
1319 2920 1500 2971 mittit.
1572 2920 1660 2970 Ex
1708 2934 1820 2985 quo
1867 2918 2214 2983 intellegitur

242 3011 299 3061 in
334 3010 573 3075 imperio
599 3010 861 3061 Romano
886 3025 1002 3060 non
1028 3010 1234 3060 eodem
1260 3009 1447 3072 modO,
1476 3025 1587 3074 quo
1613 3009 1669 3059 in
1694 3023 1876 3074 regno
1904 3009 2211 3073 AegyptiO,

245 3115 476 3164 semper
523 3108 579 3150 et
614 3099 1045 3164 magistratibus
1084 3107 1140 3150 et
1175 3099 1526 3164 supplicibus
1564 3098 1833 3150 subiectis
1870 3113 2213 3162 responsum

247 3190 316 3239 de
367 3189 729 3254 petitionibus
776 3189 972 3240 datum
1011 3205 1154 3241 esse.
1229 3190 1317 3241 Ob
1356 3205 1485 3240 eam
1522 3190 1708 3254 ipsam
1746 3203 1982 3239 causam
2018 3188 2213 3238 nescio

247 3293 320 3329 an
356 3279 685 3343 negandum
723 3279 795 3329 sit
819 3279 1114 3330 Romanos
1150 3294 1319 3330 usum
1339 3279 1761 3344 Aegyptiorum
1788 3278 2038 3328 imitatos
2066 3292 2210 3327 esse.

249 3368 410 3431 Quae
466 3367 655 3432 opinio
709 3369 819 3418 hac
872 3370 1054 3419 altera
1106 3369 1327 3419 ratione
1372 3368 1649 3419 firmatur.
1712 3369 1903 3432 Reges
1941 3366 2214 3431 Aegyptii

248 3457 598 3522 supplicibus
651 3459 979 3522 exemplum
1017 3457 1183 3508 edicti
1221 3458 1294 3508 ad
1330 3457 1731 3522 magistratum
1769 3457 1885 3507 dati
1921 3456 2213 3518 miserunt,

247 3547 628 3612 imperatores
655 3546 898 3597 Romani
923 3577 987 3581 —
1014 3547 1061 3597 si
1097 3547 1324 3611 quidem
1364 3547 1716 3611 supplicibus
1741 3546 1879 3610 ipsis
1905 3545 2213 3610 responde-
