2496 3996
324 261 389 311 50
716 272 782 310 De
812 272 1088 323 praescriptis
1118 272 1494 310 instrumentorum
1522 271 1789 323 publicorum
1819 279 1898 311 etc.

325 430 455 467 cum
479 415 536 465 in
561 414 799 480 papyris
826 412 1123 464 demoticis
1147 413 1426 464 insertum
1452 421 1540 464 est
1565 413 1656 478 (cf.
1685 415 2012 478 exemplum
2038 428 2168 478 pag.
2187 415 2288 479 49).

325 505 486 568 Quae
524 518 654 554 cum
690 502 770 552 ita
806 502 932 566 sint,
969 518 1086 554 non
1123 502 1392 566 adducor,
1430 512 1492 554 ut
1529 503 1763 554 credam
1799 504 2047 555 scribam
2084 505 2291 569 papyri

324 592 590 644 demotici
635 607 669 642 a
704 591 916 662 Lepsio
965 592 1402 643 commemorati
1449 607 1600 644 anno
1636 593 1702 644 89
1737 593 1767 644 i.
1796 607 1842 643 e.
1887 590 2013 643 fere
2059 592 2292 658 triginta

324 683 487 734 annis
518 681 829 734 interiectis
856 681 1091 732 consilio
1119 681 1411 747 antiquam
1436 682 1747 734 formulam
1773 682 2116 746 adhibuisse,
2144 698 2291 748 quae

323 789 426 839 per
474 774 618 824 duos
656 786 838 822 annos
876 773 1063 822 solum
1099 771 1294 825 valuit.
1364 772 1521 837 Ergo
1558 771 1691 823 licet
1725 773 1970 837 Lepsius
2006 788 2292 839 papyrum

322 869 479 913 recte
516 861 734 926 legerit,
773 859 911 911 nihil
943 867 1144 911 contra
1168 876 1275 911 nos
1301 861 1609 925 probatum
1635 861 1761 912 erit:
1798 862 2071 914 mendum
2096 878 2292 915 errore

324 952 547 1003 scribae
586 959 775 1002 ortum
814 965 943 1001 esse
980 946 1180 1001 nostro
1216 951 1339 1002 iure
1377 966 1688 1003 sumemus,

501 1041 547 1092 2.
583 1041 647 1091 In
682 1039 919 1106 papyris
957 1039 1197 1091 Graecis
1234 1040 1412 1091 PariS.
1450 1042 1482 1091 5
1519 1048 1576 1091 et
1610 1041 1766 1093 Leid.
1804 1041 1855 1093 N
1890 1057 2102 1093 nomen
2140 1042 2296 1093 Φιλο-

322 1131 560 1193 πάτορος
596 1129 722 1180 νέου
762 1129 1040 1180 omissum
1077 1143 1206 1180 esse
1243 1129 1471 1194 Lipsius
1510 1138 1566 1181 et
1602 1130 1808 1182 Strack
1843 1132 2162 1183 rectissime
2199 1133 2295 1184 ad·

323 1227 686 1286 notaverunt.
768 1219 1043 1270 Attamen
1098 1235 1357 1284 papyrus
1411 1220 1710 1272 Leidensis
1761 1221 2057 1286 proprium
2103 1223 2295 1274 locum

326 1317 585 1375 occupat,
632 1324 805 1375 quam
843 1310 914 1360 ob
951 1324 1075 1360 rem
1111 1309 1260 1360 infra
1295 1310 1478 1361 fusius
1517 1311 1587 1361 de
1625 1326 1693 1362 eo
1731 1310 2164 1376 disputabimus,
2234 1312 2297 1363 In

324 1415 548 1466 papyro
613 1399 872 1454 Parisino
924 1400 957 1449 5
1016 1407 1210 1450 autem
1281 1414 1493 1450 nomen
1553 1399 1929 1463 Φιλοπάτορος
1986 1402 2112 1452 νέου
2173 1402 2295 1454 sine

326 1490 496 1542 dubio
546 1504 741 1540 errore
790 1489 1014 1540 scribae
1061 1490 1197 1541 item
1246 1505 1396 1541 nunc
1444 1490 1817 1550 desideratur,
1855 1498 1916 1541 ut
1952 1490 2008 1542 in
2047 1491 2107 1543 Β.
2134 1491 2201 1543 G.
2229 1492 2295 1544 U.

325 1582 449 1644 996,
504 1579 600 1631 ubi
653 1594 823 1630 nemo
877 1579 1178 1641 dubitabit,
1241 1579 1375 1644 quin
1427 1580 1700 1631 mendum
1754 1580 2020 1632 socordia
2073 1581 2297 1657 scribae

327 1677 516 1721 ortum
564 1669 635 1720 sit
684 1668 773 1733 (cf.
814 1683 946 1734 pag.
983 1669 1085 1733 32).

505 1757 764 1820 Remotis
808 1758 897 1808 his
936 1773 1084 1823 quae
1120 1757 1457 1808 ferebantur
1494 1759 1927 1823 exceptionibus
1963 1759 2298 1824 relinquitur

326 1864 539 1900 nomen
573 1850 670 1898 τοῦ
710 1847 1086 1910 Φιλοπάτορος
1118 1847 1244 1898 νέου
1282 1847 1339 1898 in
1376 1847 1748 1912 praescriptis
1775 1848 2028 1899 omnium
2053 1863 2299 1914 papyro-

326 1954 454 1989 rum
480 1946 612 1988 ante
649 1937 1046 1988 Ptolemaeum
1083 1937 1418 1988 Beneficum
1455 1938 1732 2003 scriptum
1770 1946 2016 1990 exstare.

505 2028 624 2079 Iam
678 2028 749 2078 de
799 2028 989 2090 rebUS‚
1051 2042 1199 2092 quae
1254 2042 1404 2078 anno
1464 2029 1559 2079 llo
1612 2043 1660 2079 a.
1713 2027 1844 2079 Chr.
1891 2036 2094 2093 gestae
2149 2037 2295 2090 sunt,

329 2133 817 2170 commoneamus,
888 2117 1161 2182 Eupator,
1216 2117 1309 2182 qui
1361 2117 1551 2168 fuerat
1605 2118 1830 2183 collega
1882 2118 2077 2183 patris,
2136 2118 2301 2169 brevi

326 2216 460 2274 post
494 2214 741 2258 mortem
778 2207 958 2272 patris
996 2217 1053 2258 et
1088 2206 1211 2272 ipse
1237 2205 1574 2258 interfectus
1601 2214 1709 2270 est;
1750 2215 1808 2259 at
1833 2208 2097 2273 quamvis
2122 2209 2300 2260 breve

326 2297 604 2363 temporis
659 2297 908 2362 spatium
961 2298 1295 2363 regnaverit
1343 2327 1407 2332 —
1454 2297 1559 2348 fuit
1611 2304 1732 2348 tam
1784 2298 1978 2360 breve,
2031 2306 2094 2350 ut
2147 2296 2300 2364 apud

327 2388 640 2439 Eusebium
678 2395 734 2438 et
771 2396 996 2443 ceteros
1033 2403 1227 2439 rerum
1264 2388 1577 2452 scriptores
1613 2388 1670 2438 in
1707 2387 1855 2438 serie
1894 2402 2093 2438 eorum
2117 2388 2300 2439 Ptole-

328 2492 643 2541 maeorum,
694 2478 789 2543 qui
834 2485 1244 2544 regnaverunt,
1290 2477 1540 2528 omissus
1579 2477 1651 2528 sit
1699 2507 1778 2540 —-,
1817 2485 2011 2528 tamen
2046 2477 2104 2528 in
2138 2492 2300 2542 prae-

330 2568 556 2633 scriptis
592 2582 949 2633 papyrorum
986 2576 1119 2633 post
1153 2576 1379 2633 patrem
1406 2575 1895 2619 commemoratus
1935 2575 2023 2619 est
2049 2567 2200 2632 (inde
2227 2568 2298 2619 ab

330 2675 479 2710 anno
522 2659 655 2723 140),
705 2657 1166 2724 quandoquidem
1215 2657 1561 2722 aliquamdiu
1611 2659 1769 2708 solus
1805 2673 1910 2708 rex
1944 2657 2050 2709 fuit
2087 2665 2142 2708 et
2177 2672 2301 2724 reg-

329 2750 503 2800 navit.
574 2749 941 2799 Ptolemaeus
977 2747 1103 2809 νέος
1148 2746 1470 2809 Φιλοπάτωρ
1509 2754 1702 2797 autem
1738 2747 1854 2798 iam
1890 2756 2023 2799 ante
2058 2756 2299 2813 patrem,

331 2839 490 2890 cuius
540 2840 764 2904 collega
813 2845 950 2900 erat,
1000 2844 1260 2888 mortuus
1298 2846 1386 2887 est
1420 2851 1606 2901 neque
1643 2838 1761 2887 ulla
1797 2851 1973 2888 causa
2011 2845 2151 2900 erat,
2201 2853 2301 2889 cur

330 2929 606 2995 Aegyptii
632 2929 890 2979 ordinem
914 2935 1047 2992 post
1071 2934 1319 2977 mortem
1337 2926 1654 2976 Ptolemaei
1678 2924 1970 2988 Εὐεργέτου
1997 2934 2300 2978 mutarent.

330 3019 518 3071 Patris
542 3019 710 3084 igitur
737 3032 949 3070 nomen
977 3016 1159 3067 filium
1184 3016 1533 3081 sequebatur
1560 3022 1616 3066 et
1640 3015 1812 3066 index
1837 3015 2301 3067 Ptolemaeorum

332 3111 442 3160 hoc
489 3109 662 3160 modo
711 3108 1039 3158 finiebatur:
1098 3106 1210 3156 θεοὶ
1241 3106 1558 3168 Ἐπιφανεῖς
1594 3135 1660 3140 -
1697 3106 1822 3166 Θεὸς
1871 3105 2192 3169 Φιλομήτωρ
2238 3135 2303 3141 -—

334 3200 458 3260 Θεὸς
498 3198 757 3261 Εὐπάτωρ
795 3228 861 3234 —-
899 3197 1023 3258 θεὸς
1058 3196 1183 3256 νέος
1218 3195 1540 3258 Φιλοπάτωρ
1567 3225 1630 3230 ——
1657 3195 1769 3244 Θεοὶ
1797 3193 2076 3257 Εὐεργέτου
2103 3225 2164 3230 —-
2193 3195 2303 3245 θεοὶ
2363 3192 2365 3194 ’

335 3288 702 3351 Φιλομήτορες
738 3287 1002 3349 Σωτῆρες.
1058 3286 1116 3338 Si
1152 3286 1614 3350 reputaverimus
1646 3299 1890 3350 regnum
1915 3285 2093 3336 breve
2119 3285 2303 3350 Eupa-

333 3378 472 3429 toris
509 3377 823 3434 memoriae
860 3376 1195 3442 posterioris
1223 3375 1427 3426 aetatis
1455 3377 1714 3441 elapsam
1741 3391 1885 3439 esse,
1912 3377 2067 3427 illam
2093 3376 2302 3427 seriem

334 3482 608 3531 magnam
670 3467 1050 3518 offensionem
1115 3465 1387 3517 habuisse
1441 3466 1609 3518 facile
1669 3467 2084 3532 intellegemus,
2155 3465 2301 3516 Nam

336 3563 577 3616 duorum
604 3558 1083 3619 Ptolemaeorum,
1118 3571 1360 3622 quorum
1389 3564 1629 3622 uterque
1661 3556 1840 3622 patris
1867 3557 2091 3621 collega
2115 3554 2302 3606 fuerat
