2496 3996
2156 265 2186 279 ,-

747 277 813 316 De
842 277 1123 328 petitionibus
1154 277 1207 321 ad
1236 277 1509 327 magistratus
1539 277 1693 317 missis.
2161 277 2181 313 l

217 421 346 472 ibid.
362 407 452 482 215,
479 413 579 470 27:
627 418 708 485 διὸ
747 417 1018 481 ἐπιδίδωμί
1059 430 1169 478 σοι,
1219 417 1368 478 ὅπως
1410 418 1526 480 περὶ
1575 418 1818 468 ἑκάστων
1863 418 2187 482 ὑπογραφὴν

306 510 506 575 ποιήσῃ
555 507 1041 571 προσυποτάξαντα
1097 507 1254 573 (sicl)
1310 509 1393 557 καὶ
1443 509 1539 557 τοῦ
1584 507 2007 573 ὑπομνή(ματος)
2056 507 2189 558 ἀντί-

305 613 538 661 γραφον,
585 595 667 658 οἷς
711 588 927 658 καθήκει
975 598 1202 662 (eadem
1241 598 1424 648 Verba
1467 599 1736 662 leguntur
1781 597 1941 649 Tebt.
1978 599 2116 662 Pap.
2150 598 2187 660 Ι,

305 688 385 750 46,
411 686 499 752 23;
537 686 667 737 ibid.
695 687 775 750 47,
802 686 892 751 253
929 686 1059 738 ibid.
1085 687 1166 750 50,
1193 688 1279 752 35>
1363 721 1366 724 -

214 776 347 828 ibid.
373 776 411 838 I,
438 775 518 838 49,
550 775 644 826 13:
684 776 766 825 διὸ
805 775 1078 839 ἐπιδίδωμί
1117 789 1227 836 σοι,
1266 775 1416 837 ὅπως
1451 777 1546 825 τοῦ
1591 774 1985 837 ἑγκαλουμὲνου
2023 789 2190 839 προσ-

307 865 596 928 κληθεντος
624 864 1004 931 ἐπαναγκασθῇ
1029 865 1327 915 ἀποδοῦναί
1356 881 1442 928 μοι
1465 865 1526 914 τὸ
1557 864 1770 928 βλάβος,
1794 864 1886 914 ἐὰν
1910 866 1968 914 δὲ
1988 864 2188 931 ἀπειθῇ,

307 954 562 1006 ὑποτάξαι
598 956 694 1004 τοῦ
731 953 1115 1017 ὑπομνήματος
1154 954 1502 1018 ἀντίγραφον,
1543 953 1626 1015 οἷς
1663 954 1892 1015 καθήκει.

217 1046 277 1097 Β.
304 1045 372 1108 G.
397 1045 464 1096 U.
491 1045 577 1108 III,
609 1044 751 1107 1012,
786 1045 878 1095 13:
918 1043 1043 1095 ἀξιῶ
1068 1085 1078 1096 .
1101 1085 1142 1094 ..
1180 1043 1480 1111 ὑποτά[ξαι]
1517 1059 1617 1106 μου
1647 1043 1707 1093 τὸ
1739 1042 2027 1105 ὑπόμνημα
2051 1042 2188 1093 Πτο-

310 1133 507 1200 λεμαίῳ
544 1137 618 1200 τῷ
660 1132 1214 1196 ἀρχισωματοφύλακι
1252 1134 1335 1183 καὶ
1374 1119 1674 1200 στρατήγῷ.

218 1225 378 1276 Tebt.
404 1224 442 1286 Ι,
468 1224 549 1286 53,
576 1223 673 1274 20:
714 1221 840 1274 ἀξιῶ
878 1222 1135 1274 ὑποτάξαι
1171 1225 1267 1273 τοῦ
1306 1222 1690 1286 ὑπομνήματος
1729 1222 2080 1285 ἀντίγραφον,
2108 1221 2190 1283 οἷς

308 1312 537 1374 καθήκει.

397 1402 560 1453 Haec
597 1416 824 1466 quoque
861 1401 1045 1451 verba
1087 1400 1244 1452 facta
1282 1415 1413 1452 esse
1457 1400 1769 1452 formulam
1807 1402 2188 1465 decantatam,

218 1506 392 1558 quam
427 1498 706 1556 rogantes
743 1490 999 1541 scribunt
1036 1490 1158 1541 sine
1195 1498 1388 1542 mente
1428 1498 1484 1541 et
1519 1490 1758 1552 ratione,
1798 1498 1854 1542 et
1881 1499 2077 1542 cetera
2103 1507 2187 1542 er-

217 1590 346 1633 rata
377 1581 815 1646 grammatica1)
855 1581 1063 1632 docent
1090 1588 1146 1631 et
1173 1582 1334 1632 Tebt.
1360 1573 1498 1646 Pap.
1524 1582 1561 1644 Ι,
1589 1582 1685 1632 44:
1723 1582 2020 1646 Haryotes
2048 1580 2076 1630 ὁ
2105 1583 2191 1644 βα-

221 1671 425 1732 σιλικὸς
471 1670 712 1733 γεωργός
760 1671 1034 1736 petitione
1083 1671 1334 1722 scribam
1370 1671 1482 1721 vici
1519 1671 1670 1734 adiit,
1709 1672 1863 1736 quod
1909 1672 1980 1722 ab
2026 1671 2187 1721 Horo

217 1761 555 1812 Verberibus
582 1760 831 1812 affectus
858 1768 1044 1812 esset:
1084 1760 1192 1811 ἐπεὶ
1229 1760 1327 1811 οὖν
1364 1760 1467 1810 ὑπὸ
1494 1764 1602 1810 τῶν
1639 1762 1859 1822 πληγῶν
1897 1761 2188 1811 κινδυνεύω

217 1854 292 1918 τῷ
333 1854 442 1914 ζῆν,
483 1850 564 1900 διὸ
601 1850 993 1913 προσαγγελλω
1035 1862 1138 1910 σοι,
1177 1850 1326 1911 ὅπως
1364 1849 1644 1916 ὑποτάξῃς,
1685 1848 1767 1911 οἷς
1804 1850 2033 1911 καθήκει.
2077 1850 2189 1901 Pro

216 1940 468 1991 formula
500 1938 772 2002 ἐπιδίδωμι
797 1939 857 1988 τὸ
891 1938 1201 2002 ὑπόμνημα,
1241 1954 1390 2004 quae
1419 1941 1759 2004 plerumque
1794 1939 2188 2002 adhibebatur,

217 2030 512 2095 Haryotes
559 2029 735 2080 utitur
777 2030 958 2080 verbo
1002 2029 1410 2092 προσαγγελλω,
1457 2043 1569 2093 quo
1617 2029 1791 2079 modo
1829 2028 2048 2080 factum
2086 2037 2188 2092 est,

215 2127 277 2171 ut
300 2120 547 2170 verbum
572 2117 873 2168 ὑποτάσσω
900 2134 964 2169 re
992 2118 1218 2169 obiecta
1242 2118 1532 2183 privatum
1554 2117 1640 2168 sit.
1678 2117 1976 2182 Rogantes
2002 2118 2188 2183 igitur,

216 2224 347 2260 cum
362 2210 473 2260 hac
486 2208 738 2259 formula
750 2216 1000 2271 utuntur,
1028 2216 1230 2274 petunt
1263 2207 1671 2273 amagistratU,
1697 2215 1759 2258 ut
1785 2209 2189 2273 apographum

215 2299 526 2364 petitioniS‚
565 2298 782 2349 scilicet
818 2299 866 2349 si
903 2314 1032 2350 eam
1077 2298 1565 2363 comprobaverit,
1605 2297 1793 2348 mittat
1836 2298 1940 2361 eiS,
1986 2298 2189 2362 quibus

215 2389 444 2441 mittere
488 2389 772 2440 convenit.
843 2389 981 2440 Eius
1019 2389 1172 2440 modi
1215 2389 1519 2454 epistulae,
1562 2388 1766 2453 quibus
1814 2388 2189 2453 magistratus

214 2480 472 2546 petitioni
486 2495 710 2531 morem
732 2479 894 2544 gerit,
919 2486 1174 2544 exstant3
1203 2494 1249 2530 e.
1271 2493 1324 2544 g.
1347 2480 1507 2530 Tebt.
1529 2479 1565 2542 I,
1587 2479 1675 2530 30:
1708 2479 1903 2529 15——20
1918 2478 2190 2529 exhibent

214 2569 565 2635 petitionem,
613 2583 786 2635 quam
833 2569 1139 2634 probatam
1185 2567 1234 2618 οἱ
1276 2569 1413 2631 πρὸς
1455 2573 1514 2633 τῇ
1564 2567 1808 2619 συντάξει
1843 2568 2073 2619 mittunt
2117 2568 2190 2619 ad

214 2658 590 2725 magistratus
635 2658 856 2711 minore
888 2666 1178 2725 potestate
1216 2674 1301 2710 Vs,
1342 2659 1570 2709 10-—132
1625 2659 1844 2707 τοῦ....
1882 2657 2189 2721 ὑπομνήμα-

214 2764 308 2810 τος
355 2749 416 2798 τὸ
467 2747 799 2811 ἀντίγραφον
848 2747 1259 2811 ὑποτετάχαμεν.
1331 2749 1495 2798 Haec
1531 2747 1627 2798 Via
1674 2749 1844 2812 plane
1891 2747 1941 2798 ei
1980 2747 2187 2798 rationi

214 2839 542 2904 respondet,
570 2854 684 2904 qua
714 2846 950 2889 utuntur
981 2846 1177 2902 regeS,
1205 2837 1253 2888 si
1280 2837 1611 2899 ἀντίγραφον
1640 2835 1925 2897 ἐντεύξεως
1958 2836 2186 2887 mittunt

215 2931 425 2994 legato,
462 2928 650 2979 Nihilo
687 2928 876 2979 minus
912 2929 1221 2978 nonnullae
1260 2927 1621 2978 differentiae
1649 2934 1881 2977 exstant
1905 2926 2052 2977 inter
2076 2925 2188 2976 for-

216 3019 403 3069 mulas
429 3018 674 3069 usitatas
706 3018 763 3068 in
789 3017 1158 3082 petitionibus
1189 3017 1263 3067 ad
1290 3031 1491 3081 regem
1530 3023 1585 3066 et
1620 3016 1678 3066 in
1714 3015 2080 3080 petitionibus
2114 3015 2187 3065 ad

216 3107 591 3172 magistratus
634 3107 841 3158 missis.
895 3107 957 3157 In
999 3107 1108 3157 illis
1154 3115 1346 3157 certus
1391 3107 1619 3170 legatus
1657 3106 1750 3155 vel
1788 3104 1927 3156 certi
1970 3104 2186 3155 iudices

216 3195 597 3259 nominantur,
636 3196 840 3261 quibus
877 3196 1074 3262 petitio
1111 3195 1408 3246 reddenda
1437 3203 1538 3257 est,
1578 3195 1634 3245 in
1664 3195 1754 3245 his
1786 3202 2062 3259 rogantes
2093 3209 2187 3259 pe-

216 3291 356 3347 tunt,
393 3293 454 3335 ut
490 3285 686 3350 petitio
724 3285 999 3336 reddatur
1026 3283 1108 3346 οἷς
1138 3285 1368 3346 καθήκει.
1405 3286 1467 3335 In
1498 3285 1606 3335 illis
1632 3292 1908 3350 rogantes
1942 3286 2187 3348 plerum-

217 3390 327 3440 que
353 3382 588 3426 utuntur
612 3376 792 3426 verbo
821 3376 1029 3439 δέομαι,
1066 3375 1123 3425 in
1149 3375 1237 3425 his
1267 3374 1410 3425 ἀξιῶ.
1457 3374 1740 3439 Imprimis
1768 3382 1961 3425 autem
1986 3373 2188 3438 petitio

400 3569 430 3618 ¹)
461 3569 514 3607 cf.
535 3568 838 3610 ὑποτάξαντα
867 3581 944 3620 pro
975 3568 1209 3618 ὑποτάξας
1242 3568 1381 3617 (Tebt.
1404 3568 1503 3618 Pap.
1528 3568 1553 3615 I,
1576 3575 1636 3618 45,
1660 3571 1738 3617 27).
