2496 3996
279 293 347 343 34
684 306 751 344 De
780 305 1057 356 praescriptis
1087 305 1464 345 instrumentorum
1491 306 1758 358 publicorum
1787 314 1868 350 etc.

280 449 435 500 tiano
472 448 652 500 Paris,
690 450 722 498 5
759 450 931 511 (anno
973 447 1144 512 114s3)
1180 447 1550 499 inserendum
1587 456 1697 500 est:
1743 451 1827 500 καὶ
1863 453 1991 501 θεοῦ
2032 451 2256 514 Φιλομή-
2294 427 2316 430 ‘⁷
2494 433 2496 439 ’

279 554 441 601 τορος
487 538 591 605 [καὶ
628 539 756 588 θεοῦ
797 535 1173 599 Φιλοπάτορος
1215 536 1364 604 νέου]
1403 538 1486 588 καὶ
1532 541 1659 589 θεοῦ
1709 538 2001 602 Εὐεργέτου
2041 546 2146 606 (vs,
2185 541 2253 607 2),
2312 604 2315 605 γ
2373 535 2397 595 r·

280 627 549 680 Similiter
605 641 801 678 errore
855 625 1081 676 scribae
1136 635 1440 692 corruptus
1495 635 1584 679 est
1629 643 1888 694 papyrus
1935 630 2255 684 demoticus

278 717 722 783 Argentinensis
758 717 790 767 9
828 715 1229 781 (Spiegelberg
1265 730 1397 785 pag.
1422 716 1560 782 26)¹)
1595 717 1842 783 scriptus
1869 734 2018 771 anno
2056 721 2253 785 10:304,

280 807 375 873 qui
421 813 742 858 enumerat:
802 806 936 856 »der
979 806 1340 870 glanzenden
1376 806 1595 870 Gotter,
1641 807 1743 858 des
1786 810 2255 863 vaterliebenden

279 897 500 959 GotteS‚
549 896 673 961 [des
719 895 946 958 Gottes]
996 895 1208 946 dessen
1243 896 1428 948 Vater
1481 896 1629 961 [edel
1678 897 1830 963 ist]‹<;
1886 906 1945 950 at
1998 900 2255 952 eiusdem

279 987 537 1052 sylloges
574 986 784 1052 papyri
819 986 848 1036 7
888 985 1293 1051 (Spiegelberg
1327 1001 1459 1052 pag.
1486 987 1594 1053 22);
1633 989 1665 1038 6
1702 987 1851 1051 (ibid.
1888 1003 2020 1055 pag.
2045 990 2154 1055 25);
2190 991 2256 1042 43

279 1077 430 1142 (ibid.
467 1093 520 1143 p.
557 1077 668 1139 27);
707 1078 773 1128 44
809 1076 959 1142 (ibid.
996 1091 1128 1142 pag.
1155 1077 1265 1139 30);
1302 1078 1335 1128 8
1371 1077 1518 1143 (ibid.
1545 1092 1678 1144 pag.
1703 1077 1789 1143 32)
1829 1079 2036 1130 docent
2069 1094 2257 1132 emen·

280 1168 533 1219 dandum
571 1181 701 1218 esse
743 1167 875 1217 »der
912 1167 1274 1231 glanzenden
1310 1167 1529 1228 Go‘tter,
1570 1167 1692 1235 [des
1718 1168 2255 1233 mutterliebenden]

279 1258 501 1320 GotteS‚
541 1258 643 1308 des
681 1257 904 1319 GotteS‚
944 1257 1154 1308 dessen
1180 1257 1367 1308 Vater
1405 1258 1531 1308 edel
1566 1257 1688 1309 ist«.
1756 1257 1905 1322 Quin
1942 1258 2115 1310 etiam
2149 1258 2259 1310 Viri

279 1347 446 1410 docti,
501 1346 597 1412 qui
649 1354 850 1397 nostra
887 1353 1078 1398 aetate
1124 1360 1382 1411 papyros
1426 1347 1637 1412 publici
1679 1347 1816 1398 iuris
1860 1347 2092 1410 faciunt,
2140 1363 2257 1399 non
2315 1417 2317 1419 „

277 1437 536 1488 insontes
575 1436 855 1488 eiusmodi
891 1451 1154 1487 errorum
1179 1452 1243 1488 se
1268 1438 1682 1502 praebuerunt:
1720 1437 2009 1488 Revillout
2032 1437 2090 1489 in
2114 1437 2254 1490 Rev.

281 1528 533 1592 egyptol.
554 1526 640 1585 ΙΙΙ,
667 1541 800 1591 pag.
821 1526 887 1577 25
911 1526 992 1577 ita
1018 1526 1192 1577 edidit
1211 1541 1501 1592 papyrum
1521 1527 1870 1578 demoticum
1890 1527 2255 1591 Vaticanum,

278 1624 341 1668 ut
367 1616 631 1667 omnibus
657 1615 982 1666 nominibus
1008 1617 1179 1680 plane
1205 1616 1470 1680 geminus
1491 1623 1647 1667 esset
1666 1616 1873 1682 papyri
1892 1617 2256 1669 Neo-Ebora·

280 1706 468 1758 censis
507 1705 656 1771 (ibid.
684 1720 816 1772 pag.
843 1707 945 1770 26),
984 1705 1093 1756 nisi
1130 1706 1284 1771 quod
1319 1705 1376 1756 in
1412 1706 1507 1756 illo
1547 1706 1786 1758 deerant
1825 1714 1879 1758 et
1905 1706 2048 1770 ἱερὸς
2071 1707 2257 1768 πῶλος

267 1794 473 1857 Ἴσιδος
500 1796 731 1859 μεγάλης
759 1795 959 1858 μητρὸς
985 1798 1126 1846 θεῶν
1154 1803 1210 1846 et
1236 1796 1514 1846 sacerdos
1541 1795 1828 1847 Arsinoae
1854 1796 2255 1862 Philopatoris,

279 1886 358 1937 At
402 1886 731 1951 nuperrime
785 1885 1166 1951 Spiegelberg
1207 1901 1496 1951 papyrum
1531 1886 1882 1938 Vaticanum
1923 1887 2110 1938 denuo
2166 1886 2258 1937 de-

279 1975 508 2040 scripsit
545 1975 801 2040 (Recueil
849 1975 919 2026 de
972 1985 1223 2026 travaux
1277 1975 1498 2027 relatifs
1553 1981 1588 2027 a
1638 1977 1696 2027 la
1747 1975 2059 2042 philologio
2113 1983 2169 2027 et
2223 1981 2257 2027 a

277 2065 686 2131 l'archeologie
725 2065 1104 2131 egyptiennes
1143 2073 1199 2116 et
1236 2066 1607 2130 assyriennes
1649 2066 1777 2117 1903
1812 2081 1866 2131 p.
1898 2066 2002 2131 13):
2047 2065 2258 2131 reperi-

277 2163 449 2206 untur
510 2156 714 2206 eadem
779 2156 983 2219 verba,
1047 2155 1251 2221 quibus
1315 2163 1488 2225 antea
1542 2170 1576 2207 a
1628 2155 1973 2207 Revilloutio
2029 2155 2257 2207 omissis

277 2261 536 2312 papyrus
573 2246 893 2298 Vaticanus
933 2245 1239 2297 differebat
1276 2261 1311 2296 a
1345 2261 1572 2311 papyro
1610 2245 2180 2311 Neo-Eboracensi2).

457 2338 529 2388 Et
565 2337 624 2388 hi
660 2336 891 2402 quidem
929 2351 1156 2388 errores
1195 2351 1363 2388 suam
1389 2351 1530 2388 sane
1557 2336 1994 2407 excusationem
2019 2336 2255 2401 habent3

279 2427 490 2478 etenim
527 2428 576 2478 si
612 2427 737 2492 quis
774 2427 1146 2492 reputaverit,
1186 2441 1360 2492 quam
1394 2428 1507 2478 alte
1532 2426 1768 2477 nomina
1791 2426 2257 2492 Ptolemaeorum

458 2562 561 2614 Pap.
597 2563 773 2614 Argent.
813 2569 881 2611 59:
932 2561 1291 2603 Βασιλευόντων
1341 2560 1641 2613 Κλεοπάτρας
1679 2559 1755 2602 καὶ
1790 2559 2094 2612 Πτολεμαίου
2133 2561 2257 2602 θεῶν

384 2635 726 2690 Φιλομητόρων
760 2636 1000 2689 Σωτήρων
1032 2636 1168 2687 έτους
1189 2649 1218 2687 γ
1240 2636 1314 2689 ἐφ’
1345 2636 1508 2689 ἱερέως
1541 2635 1765 2688 βασιλέως
1786 2634 2090 2687 Πτολεμαίου
2113 2636 2225 2676 θεοῦ
2249 2641 2255 2685 ι

385 2711 711 2764 Φιλομήτορος
745 2711 968 2764 Σωτῆρος
995 2710 1312 2763 Ἀλεξάνδρου
1343 2710 1420 2753 καὶ
1450 2712 1575 2752 θεῶν
1607 2709 1848 2762 Σωτήρων
1878 2708 1954 2751 καὶ
1975 2711 2099 2752 θεῶν
2120 2709 2259 2752 Αδελ·

384 2790 493 2839 φῶν
523 2786 599 2829 καὶ
629 2789 752 2829 θεῶν
777 2786 1052 2839 Εὐεργετῶν
1083 2785 1160 2828 καὶ
1190 2787 1314 2828 Θεῶν
1339 2784 1684 2837 Φιλοπατόρων
1709 2784 1784 2826 καὶ
1805 2786 1929 2826 θεῶν
1954 2792 1959 2836 1
1980 2782 2257 2836 Ἔπιφανῶν

384 2861 460 2903 καὶ
490 2864 601 2903 θεοῦ
628 2861 900 2914 Εὐπάτορος
933 2861 1009 2903 καὶ
1039 2863 1151 2903 Θεοῦ
1185 2861 1512 2914 Φιλομήτορος
1543 2859 1620 2902 καὶ
1649 2862 1761 2902 θεοῦ
1791 2860 1904 2902 νέου
1929 2859 2256 2912 Φιλοπάτορος

385 2935 460 2977 καὶ
503 2938 614 2977 θεοῦ
662 2935 922 2988 Εὐεργέτου
962 2934 1038 2978 καὶ
1076 2938 1199 2978 θεῶν
1234 2936 1579 2988 Φιλομητόρων
1612 2934 1853 2987 Σωτήρων
1888 2934 1893 2979 l
1928 2934 2058 2986 ἱεροῦ
2094 2934 2256 2976 πώλου

372 3009 543 3061 Ἴσιδος
576 3011 778 3063 μεγάλης
809 3011 983 3064 μητρὸς
1015 3013 1153 3058 θεῶν,
1185 3011 1463 3064 ἀθλοφόρου
1497 3010 1745 3063 Βερενίκης
1768 3009 2084 3062 Εὐεργετίδος,
2116 3022 2255 3062 κανη-

333 3093 354 3134 5
385 3084 541 3137 φόρου
579 3084 827 3137 Ἀρσινόης
876 3084 1195 3138 Φιλαδέλφου,
1247 3085 1416 3138 ἱερείας
1456 3085 1704 3139 Ἀρσινόης
1741 3084 1745 3129 Ι
1781 3081 2111 3136 Φιλοπάτορος
2158 3087 2257 3126 τῶν

385 3159 545 3201 οὐσῶν
576 3159 626 3201 ἐν
654 3158 997 3212 Ἀλεξανδρείᾳ,
1030 3158 1080 3200 ἐν
1111 3159 1162 3201 δέ
1183 3159 1479 3212 Πτολεμαΐδι
1508 3162 1592 3212 τῆς
1616 3157 1849 3212 Θηβαΐδος
1881 3157 1954 3209 ἐφ’
1986 3157 2153 3210 ἱερέων
2183 3157 2259 3199 καὶ

385 3234 569 3286 ἱερειῶν
599 3233 676 3276 καὶ
703 3233 997 3286 κανηφόρων
1026 3237 1124 3275 τῶν
1156 3234 1311 3275 ὄντων
1346 3234 1351 3279 Ι
1383 3232 1459 3275 καὶ
1491 3233 1656 3275 οὐσῶν
1687 3233 1836 3286 μηνὸς
1866 3233 2001 3284 χοιὰχ
2030 3237 2089 3275 ιΤκ.

459 3310 621 3357 Restat,
652 3317 696 3348 ut
725 3310 880 3360 gratias
911 3321 1033 3359 agam
1063 3308 1276 3360 Eutingio,
1307 3309 1565 3348 moderatori
1596 3307 1887 3347 bibliothecae
1919 3307 2257 3359 Argentinensis,

282 3385 350 3434 qui
382 3384 483 3421 mihi
511 3385 705 3434 permisit
734 3396 918 3435 papyros
951 3383 1194 3422 describere
1227 3391 1268 3422 et
1296 3383 1455 3434 publici
1486 3383 1586 3421 iuris
1618 3383 1774 3426 facere,
2085 3368 2087 3370 Ι

459 3460 491 3509 ¹)
521 3459 602 3497 Die
640 3458 936 3497 demotischen
966 3458 1153 3509 Papyrus
1191 3458 1265 3496 der
1302 3457 1584 3509 Strassburger
1612 3458 1866 3504 Bibliothek,
1907 3457 2256 3509 herausgegeben

282 3533 365 3570 und
394 3533 606 3571 iibersctzt
635 3546 718 3571 von
748 3533 812 3572 W.
845 3532 1135 3584 Spiegelberg.
1193 3532 1427 3583 Strassburg
1461 3542 1571 3581 1902.

461 3607 493 3657 2)
522 3607 708 3658 Papyrus
741 3609 922 3659 scriptus
955 3616 1018 3646 est
1049 3621 1160 3646 anno
1196 3606 1323 3657 10918.
