2496 3996
292 263 323 311 4
988 273 1055 311 De
1084 273 1362 324 inscriptione
1393 272 1568 323 Syeniti.

471 418 696 467 Incolae
723 414 895 479 igitur
926 429 1056 465 cum
1092 428 1294 479 regem
1330 421 1595 479 petentes
1633 415 1878 480 epistula
1915 416 2142 475 adeunt,
2181 417 2255 468 ab

291 509 384 559 illo
422 515 637 572 petunt,
673 513 735 556 ut
771 504 1104 569 petitionem
1130 504 1457 569 (probatam
1482 504 1719 569 scilicet)
1743 505 1932 557 mittat
1955 505 2259 570 magistra·
2306 511 2309 514 ’

291 597 370 648 tui
395 598 489 647 vel
512 594 804 657 iudicibUS,
833 593 907 644 ad
932 608 1076 658 quos
1103 607 1281 644 causa
1304 593 1574 658 pertinet;
1614 602 1673 645 at
1697 609 2012 660 numquam
2036 602 2254 660 petunt,

290 694 350 736 ut
386 700 491 736 rex
527 683 632 735 sibi
666 682 807 748 ipsis
850 696 1196 747 responsum
1240 682 1358 747 det;
1402 681 1460 732 id
1495 683 1650 747 quod
1691 683 1907 748 optime
1942 685 2257 750 respondet

292 775 341 826 ei
377 774 474 835 rei,
513 788 686 839 quam
724 787 901 837 supra
937 771 1258 834 statuimuS,
1297 786 1499 837 regem
1535 772 1784 837 primum
1820 773 2255 839 magistratibus

290 865 539 916 libellum
577 862 818 924 misisse,
859 861 1062 913 deinde
1099 862 1439 927 rogantibus
1477 862 1796 927 scripsisse.

466 954 658 1019 Atque
689 953 836 1003 haec
868 952 1098 1017 quidem
1125 953 1422 1003 hactenus
1461 951 1781 1003 Videamus
1815 967 1983 1015 nune,
2021 968 2136 1018 qua
2169 967 2258 1005 ra-

288 1046 440 1097 tione
470 1052 525 1096 et
550 1045 646 1095 via
677 1058 781 1094 rex
807 1049 1016 1102 utatur,
1046 1056 1177 1092 cum
1203 1041 1638 1106 magistratibus
1671 1042 1740 1092 de
1778 1034 2068 1107 petitione,
2106 1057 2256 1108 quae

290 1135 395 1187 sibi
447 1134 625 1185 missa
681 1140 784 1195 est,
840 1131 1049 1183 scribit.
1117 1131 1193 1183 Ut
1251 1131 1309 1181 in
1363 1146 1588 1196 papyro
1641 1130 1798 1182 Leid.
1843 1131 1895 1183 G
1950 1131 2031 1183 ita
2075 1131 2133 1183 in
2179 1131 2257 1184 in—
2336 1119 2342 1129 ’

290 1225 596 1290 scriptione
632 1222 808 1274 Philis
844 1229 1078 1287 reperta
1113 1236 1219 1272 rex
1255 1236 1371 1272 non
1405 1221 1530 1287 ipse
1556 1221 1991 1286 magistratibus
2028 1222 2258 1288 singula

288 1316 444 1367 iussa
481 1315 578 1366 dat
616 1314 687 1364 de
724 1327 917 1375 causa,
955 1312 1026 1363 de
1064 1327 1178 1377 qua
1215 1311 1404 1376 agitur
1439 1311 1497 1362 in
1532 1311 1740 1374 libello,
1768 1313 1872 1362 sed
1902 1319 2086 1364 totam
2118 1312 2258 1378 peti-

288 1406 501 1456 tionem
537 1403 706 1454 mittit
743 1403 1028 1453 adnotans
1073 1417 1135 1453 se
1174 1417 1304 1452 eam
1342 1402 1839 1467 comprobavisse;
1886 1402 1976 1453 cui
2012 1402 2141 1454 usui
2171 1418 2258 1454 re-

289 1495 532 1560 spondet
568 1494 834 1556 formula,
873 1508 987 1558 qua
1031 1491 1308 1557 Aegyptii
1351 1491 1439 1543 usi
1483 1500 1617 1543 sunt
1666 1491 1986 1544 scribentes
2008 1495 2027 1544 :'
2069 1492 2257 1556 δέομαι

289 1583 603 1635 ἀποστεῖλαί
649 1599 750 1646 μου
794 1579 889 1645 τήν
935 1582 1163 1657 ἔντευξιν
1210 1581 1290 1632 ἐπὶ
1325 1578 1419 1632 τὸν
1459 1584 1610 1632 δεῖνα
1647 1582 1738 1646 (cf.
1773 1584 2043 1648 exempla
2078 1597 2258 1648 supra

288 1676 534 1739 collata).
583 1674 822 1724 Praeter
858 1673 1008 1723 hanc
1045 1672 1200 1723 viam
1237 1686 1342 1723 rex
1386 1674 1570 1723 altera
1613 1686 1840 1738 quoque
1884 1672 1966 1723 uti
2009 1679 2255 1737 poterat.

286 1763 721 1829 Magistratibus
746 1778 863 1813 non
892 1763 1297 1827 apographum
1323 1761 1613 1827 petitionis
1641 1761 1826 1824 mittit,
1855 1762 1960 1812 sed
1989 1761 2115 1828 ipse
2150 1776 2257 1827 per

287 1853 591 1918 epistulam
612 1853 839 1918 singula
856 1853 1134 1904 mandata
1147 1853 1259 1904 dat.
1274 1852 1572 1903 Eiusmodi
1585 1852 1836 1903 edictum
1850 1852 2075 1917 regium
2089 1852 2256 1904 nobis

288 1951 699 1994 conservatum
737 1950 824 1994 est
859 1943 916 1993 in
952 1943 1115 1994 Tebt.
1147 1943 1284 2008 Pap.
1312 1943 1349 2006 Ι,
1376 1944 1439 1994 6:
1485 1942 1834 1994 Sacerdotes
1858 1942 2072 2008 templi,
2099 1943 2255 2008 quod

289 2041 413 2084 erat
458 2041 862 2084 consecratum
905 2033 1253 2084 Ptolemaeis
1291 2032 1587 2096 deificatiS,
1626 2032 1816 2084 libello
1860 2047 2062 2098 regem
2106 2032 2256 2084 adie-

287 2132 431 2186 rant,
470 2124 623 2188 quod
661 2123 885 2174 salariis
921 2123 1264 2188 quibusdam
1301 2122 1512 2188 privati
1550 2130 1761 2174 essent.
1798 2123 1924 2174 Rex
1954 2122 2258 2188 magistra-

289 2213 438 2264 tibus
491 2243 551 2248 —
599 2228 787 2278 neque
836 2213 987 2264 enim
1035 2213 1127 2263 hic
1178 2212 1576 2264 sacerdotibus
1630 2212 1772 2278 ipsis
1825 2212 2140 2277 respondet
2196 2241 2260 2248 -

290 2303 505 2365 scribit,
555 2303 761 2368 quibus
811 2303 882 2353 de
929 2303 1103 2354 rebus
1151 2303 1487 2354 sacerdotes
1525 2302 1825 2368 conquesti
1868 2302 1993 2366 sint,
2040 2302 2257 2368 etipse

291 2392 517 2457 singula
541 2393 701 2443 iussa
719 2393 830 2455 dat,
855 2391 1059 2457 quibus
1079 2399 1276 2457 sperat
1296 2393 1632 2443 sacerdotes
1652 2392 1739 2443 ius
1760 2407 1927 2444 suum
1944 2392 2257 2458 adepturos

292 2498 437 2533 esse.
478 2483 583 2533 Cui
610 2483 794 2533 edicto
822 2483 969 2533 haec
995 2483 1179 2533 altera
1209 2482 1459 2532 formula
1488 2482 1816 2547 respondet,
1844 2497 1957 2547 qua
1982 2481 2259 2547 Aegyptii

291 2571 511 2622 litteras
549 2571 846 2637 petitorias
883 2571 1200 2622 scribentes
1235 2571 1317 2622 uti
1354 2571 1650 2622 solebant:

291 2660 350 2711 P.
376 2660 553 2711 Paris,
581 2661 661 2723 35,
688 2659 785 2711 32:
826 2656 1005 2723 διόπερ
1038 2660 1164 2711 ἀξιῶ
1206 2672 1392 2710 σε....
1431 2659 1524 2710 ἐάν
1564 2672 1653 2710 σοι
1691 2661 1964 2724 φαίνηται,
2006 2660 2260 2712 συντάξαι

383 2754 717 2812 καταστῆσαι
739 2791 747 2800 .
770 2790 778 2800 .
802 2791 809 2799 .
833 2791 841 2800 .

293 2840 350 2890 Ρ.
384 2840 563 2891 Paris,
598 2841 678 2903 39,
713 2842 776 2891 9:
834 2840 1020 2903 δέομαι
1064 2839 1328 2903 ὑμῶν...
1382 2841 1680 2903 προστάξαι
1726 2839 1930 2902 γράψαι
1981 2837 2142 2904 Κυδίᾳ
2184 2842 2259 2904 τῷ

386 2933 666 2995 στρατηγῷ
705 2932 1089 2991 προνοηθῆναι,
1128 2930 1326 2991 ὼς....

294 3019 430 3084 Pap.
456 3019 612 3070 Leid.
641 3019 708 3081 G,
740 3020 831 3070 16:
872 3018 999 3070 ἀξιῶ
1028 3015 1300 3082 δεόμενος,
1327 3019 1420 3070 ἐὰν
1446 3020 1570 3084 ὑμῖν
1598 3023 1755 3088 δοκῇ,
1780 3019 2077 3083 προστάξαι
2105 3018 2260 3069 Φιλο-

384 3108 559 3171 κράτει
584 3113 658 3176 τῷ
690 3111 935 3169 συγγενεῖ
970 3109 1053 3158 καὶ
1079 3107 1533 3175 ἑπιστολογράφῳ
1570 3109 1821 3161 ἐνδοῦναι
1853 3110 1969 3171 περὶ
2002 3108 2132 3171 ἐμοῦ
2155 3149 2165 3159 .
2186 3148 2195 3157 .
2217 3148 2260 3158 ..

385 3194 606 3260 ἐντολὴν
641 3198 999 3261 περιέχουσαν
1020 3237 1030 3249 .
1054 3238 1062 3246 .
1085 3238 1094 3249 .
1119 3237 1128 3247 .

203 3328 205 3330 .
295 3287 592 3352 Inscriptio
630 3298 864 3352 reperta
898 3288 955 3339 in
991 3288 1119 3339 vico
1164 3287 1316 3353 Kasr
1349 3291 1399 3339 el
1434 3290 1620 3340 Banat
1657 3298 1713 3341 et
1750 3289 1902 3340 edita
1937 3289 1995 3340 in
2031 3289 2257 3353 Fayfim

385 3386 730 3442 towns-pag.
752 3378 832 3441 48,
859 3394 943 3429 vs,
975 3378 1036 3429 10
1060 3393 1181 3444 sqq.
1205 3395 1215 3431 :
1249 3378 1434 3442 δέομαί
1462 3388 1566 3428 σου
1593 3381 1689 3429 τοῦ
1715 3377 2018 3442 νικηφόρου
2048 3379 2193 3440 θεοῦ,
2219 3375 2262 3427 εἰ

388 3465 579 3533 ο[οκ]εῑ
596 3507 605 3516 .
622 3507 630 3517 .
648 3507 657 3517 .
673 3506 705 3531 .,
725 3467 1021 3530 προστάξαι
1034 3467 1053 3484 ‘¹
1067 3468 1213 3531 Ηριοι
1230 3473 1304 3536 τῷ
1327 3471 1572 3529 συγγενεῖ
1594 3469 1676 3519 καὶ
1694 3455 2261 3532 ὺπομνηματογράφῳ,

389 3555 538 3617 ὅπως
563 3556 744 3622 γράψῃ
778 3561 853 3622 τῷ
886 3558 982 3607 τοῦ
1015 3559 1187 3620 νομοῦ
1224 3562 1504 3624 στρατηγῷ
1543 3559 1625 3609 καὶ
1658 3557 1740 3620 οἷς
1772 3554 2006 3621 καθήκει,
2036 3556 2127 3608 ἵνα
2149 3599 2158 3610 .
2182 3598 2192 3609 .
2217 3598 2259 3610 ..
