2496 3996
981 270 1047 308 De
1078 269 1380 308 chrematistis.
2106 259 2167 310 13

201 416 284 480 (H,
317 416 430 478 403,
462 415 529 466 33
559 412 948 476 Boissevain)-:
998 414 1082 462 καὶ
1126 412 1302 475 μέντοι
1347 413 1430 462 καὶ
1472 411 1609 474 πρὸς
1650 413 1746 473 τὰς
1791 413 1938 475 δίκας
1974 415 2069 476 τάς
2112 430 2168 466 τε

109 551 111 553 ,
201 501 488 564 ἐπιστολὰς
533 503 618 552 καὶ
658 502 724 552 τὰ
768 502 1096 565 ψηφίσματα
1137 505 1246 552 τῶν
1293 501 1508 551 πόλεων
1551 499 1647 562 τάς
1682 517 1737 551 τε
1783 503 1891 552 τῶν
1941 503 2168 555 ἰδιωτῶν

200 593 464 654 ἀξιώσεις,
496 593 580 642 καὶ
616 591 726 642 ὅσα
765 584 902 642 ἄλλα
937 596 998 657 τῇ
1036 594 1132 654 τῆς
1163 591 1332 654 ἀρχῆς
1370 592 1626 653 διοικήσει
1661 592 1937 654 προσήκει,
1978 604 2166 656 συνερ-

97 675 118 741 ſs
195 685 331 743 τούς
364 682 421 732 τέ
450 698 604 750 ιτινας
640 682 723 732 καὶ
759 680 1027 744 ὑπηρέτας
1061 681 1120 731 ἐκ
1154 682 1263 731 τῶν
1300 680 1499 730 ἱππέων
1539 679 1637 743 ἐ’χε.
1695 680 1780 731 Re
1824 695 1968 731 vera
2011 682 2168 732 chre-

195 772 465 825 matistae
502 779 635 823 sunt
681 771 934 834 σύνεργοι
971 772 1054 821 καὶ
1091 770 1344 833 ὑπηρέται
1381 769 1536 835 regis
1573 769 2014 835 Aegyptiorum,
2052 786 2167 822 non

195 859 572 926 magistratus
618 860 705 912 sui
751 860 905 912 iuris,
975 860 1140 911 Nunc
1187 859 1303 910 iam
1340 866 1598 924 apparet,
1636 874 1738 910 cur
1774 859 1971 924 petitio
2009 861 2167 911 chre-

195 950 441 1002 matistis
498 950 774 1015 inscripta
822 950 1028 1001 eodem
1074 950 1361 1000 vocabulo
1411 947 1781 1014 significetur,
1820 964 1932 1014 quo
1969 949 2165 1014 petitio

196 1041 271 1092 ad
303 1055 506 1106 regem
541 1040 732 1106 ipsum
767 1041 962 1091 missa.
1021 1040 1258 1090 Altero
1295 1038 1506 1104 igitur
1542 1053 1590 1090 a.
1631 1038 1762 1090 Chr.
1800 1054 1852 1089 n.
1890 1042 2165 1090 saeculo

196 1130 226 1192 ἡ
275 1127 562 1191 ἔντευξις
618 1137 720 1181 est
772 1129 1013 1195 petitio
1069 1130 1150 1180 ad
1202 1143 1432 1194 regem
1495 1130 1605 1179 vel
1675 1128 2165 1180 chrematistas

194 1221 424 1280 missa,
464 1218 804 1282 ὑπόμνημα
839 1219 1086 1284 petitio
1125 1218 1205 1269 ad
1241 1215 1687 1283 magistratus
1724 1217 1944 1268 missa.

374 1309 623 1361 Diversa
679 1307 1127 1374 deprehenditur
1180 1307 1506 1372 scriptionis
1562 1321 1633 1358 ea
1684 1307 1848 1369 rati0,
1899 1322 2012 1372 qua
2063 1324 2166 1373 per

194 1413 345 1451 saec,
382 1399 468 1451 III.
505 1398 781 1464 Aegyptii
816 1398 1148 1462 utebantur3
1198 1397 1453 1448 nondum
1503 1397 1655 1447 enim
1691 1397 1802 1460 illa,
1852 1412 2025 1462 quam
2061 1413 2166 1463 per

193 1503 344 1542 saec,
381 1489 428 1540 II
462 1490 717 1541 valuisse
754 1489 927 1540 modo
966 1487 1512 1550 demonstravimUS‚
1551 1488 1863 1539 constituta
1901 1495 2072 1553 atque
2108 1488 2166 1538 in

191 1595 362 1632 usum
407 1586 644 1644 recepta
682 1586 822 1629 erat.
873 1593 919 1629 e.
957 1592 1010 1643 g.
1048 1578 1107 1628 P.
1146 1577 1295 1628 Petr.
1334 1577 1380 1627 II
1417 1575 1521 1643 [31]
1568 1577 1673 1628 XII
1721 1579 1793 1642 (3)
1842 1593 1927 1628 vs.
1966 1579 1997 1628 3
2043 1593 2164 1643 sqq.

193 1669 424 1722 exhibet
459 1668 791 1734 petitionem
830 1683 981 1719 anno
1018 1668 1112 1718 241
1155 1674 1414 1732 stratego
1453 1667 1722 1727 oblatam,
1762 1681 1909 1731 quae
1945 1666 2165 1717 initium

193 1759 346 1825 capit
383 1774 418 1810 a
455 1758 648 1810 verbis
694 1757 1056 1820 εἰσεδώκαμέν
1096 1769 1185 1807 σοι
1223 1756 1475 1821 ἔντευξιν;
1524 1757 1583 1807 Ρ.
1620 1757 1769 1807 Petr.
1808 1757 1854 1807 II
1899 1755 1968 1823 [3]
2006 1757 2053 1807 II
2091 1757 2163 1822 (2)

191 1849 404 1915 petitiO,
442 1863 616 1915 quam
653 1848 1041 1906 Dorimachus
1075 1862 1226 1898 anno
1259 1846 1448 1910 260159
1474 1846 1548 1897 ad
1573 1845 1970 1897 Moschionem
1995 1846 2162 1909 misit,

191 1941 516 2006 appellatur
585 1938 834 1998 ἔντευξις;
907 1924 1112 1987 eadem
1182 1950 1328 1985 voce
1403 1950 1553 1985 anno
1623 1935 1814 1999 255,'54
1883 1935 2162 1999 lapicidae

190 2038 426 2084 utuntur
478 2030 549 2080 de
602 2027 875 2094 petitione
915 2027 988 2076 ad
1038 2025 1314 2076 Cleonem
1352 2025 1639 2090 quendam
1676 2024 1857 2075 missa
1895 2025 1973 2088 (P.
2011 2025 2161 2076 Petr.

189 2121 238 2172 II
274 2119 377 2188 [12]
413 2120 509 2182 IV,
547 2121 579 2170 9
614 2133 700 2169 VS.
743 2118 839 2181 15).
911 2115 1302 2181 MagistratuS‚
1354 2115 1514 2166 cuius
1562 2130 1774 2166 nomen
1810 2115 2162 2180 ignoramus,

93 2268 98 2272 ,
191 2210 360 2262 mittit
397 2209 567 2274 (intra
603 2223 652 2259 a.
690 2207 790 2258 258
827 2214 883 2257 et
907 2206 1027 2270 253)
1064 2205 1394 2257 Nicostrato
1431 2204 1763 2274 ἀντίγραφον
1789 2207 1884 2265 τῆς
1911 2204 2165 2266 δοθείσης

193 2301 338 2368 αὐτῷ
377 2299 663 2359 ἐντεύξεως
712 2298 791 2362 (P.
828 2297 978 2348 Petr.
1016 2296 1061 2346 ΙΙ
1099 2294 1201 2362 [44]
1239 2295 1367 2346 XIII
1402 2296 1471 2359 5),
1520 2294 1725 2345 eodem
1763 2294 1936 2344 modo
1975 2294 2164 2345 scriba

190 2391 398 2457 papyri
431 2389 684 2455 Magdol.
710 2388 806 2439 Nr.
832 2386 914 2438 VI
940 2386 1022 2450 (B.
1049 2385 1110 2436 C.
1138 2385 1208 2436 H.
1234 2385 1431 2436 XXVI
1461 2384 1588 2435 1903
1620 2397 1751 2448 pag.
1784 2383 1900 2434 109:
1944 2383 2164 2434 »milieu

192 2481 268 2532 du
302 2480 388 2532 111.
426 2465 655 2542 siecle«)
695 2476 935 2527 ἀπέδωκε
975 2474 1202 2526 ἔντευξιν
1229 2473 1499 2536 Διοφάνει
1535 2478 1609 2541 τῷ
1651 2476 1949 2539 στρατηγῷ.
2004 2473 2161 2538 Ergo

189 2570 276 2622 ΙΙΙ.
326 2570 560 2621 saeculo
611 2565 885 2631 Aegyptii
931 2565 1113 2623 verbo
1163 2563 1450 2624 ἐντεύξεως
1497 2570 1620 2614 tum
1664 2563 1734 2614 de
1778 2563 2052 2628 petitione
2090 2563 2162 2613 ad

190 2675 392 2726 regem
427 2659 607 2710 missa
641 2665 764 2709 tum
801 2656 871 2706 de
908 2654 1181 2720 petitione
1208 2654 1283 2704 ad
1306 2652 1682 2718 magistratus
1708 2652 1888 2703 missa
1912 2659 2160 2703 utuntur.

193 2749 437 2814 Quando
484 2748 653 2799 huius
700 2745 862 2797 vocis
909 2745 999 2796 vis
1044 2743 1311 2795 restricta
1359 2742 1431 2793 sit
1468 2743 1541 2814 ad
1578 2741 1989 2807 significandas
2026 2741 2163 2806 peti-

191 2839 376 2890 tiones
423 2838 550 2903 regi
596 2845 652 2888 et
699 2835 1086 2888 chrematistis
1131 2834 1356 2896 missas,
1402 2833 1656 2883 nondum
1694 2831 1917 2882 definiri
1953 2839 2159 2896 potest.

191 2928 423 2980 Nullum
471 2928 660 2979 adhuc
709 2926 1037 2990 exemplum
1084 2930 1380 2988 repertum
1417 2929 1519 2984 est,
1570 2935 1681 2986 quo
1719 2922 1994 2985 probetur
2030 2927 2161 2985 post

194 3032 243 3069 a.
269 3017 368 3069 230
405 3016 633 3069 ἔντευξιν
671 3015 1000 3081 significare
1032 3014 1367 3079 petitionem
1406 3013 1478 3063 ad
1504 3011 1880 3076 magistratus
1906 3011 2158 3062 missam.

196 3105 342 3157 Cum
385 3115 577 3157 autem
619 3106 790 3171 pauci
824 3113 1046 3156 tantum
1082 3103 1290 3169 papyri
1324 3103 1409 3154 III.
1448 3102 1681 3153 saeculo
1720 3100 1916 3165 scripti
1950 3100 2162 3165 publici

193 3196 330 3247 iuris
365 3195 504 3246 facti
547 3195 672 3258 sint,
722 3209 826 3259 pro
877 3202 1035 3244 certo
1084 3193 1193 3244 dici
1237 3208 1355 3243 non
1400 3199 1607 3257 potest,
1656 3190 1782 3256 quis
1830 3189 2160 3241 mutationis

196 3292 396 3336 auctor
430 3284 616 3347 fuerit,
655 3285 1022 3335 Ptolemaeus
1058 3283 1129 3333 III
1165 3298 1239 3333 an
1276 3283 1643 3333 Ptolemaeus
1680 3280 1775 3331 IV.

374 3375 511 3424 Post
546 3387 802 3438 pugnam
839 3372 991 3437 apud
1018 3371 1249 3422 Actium
1288 3371 1656 3421 commissam
1685 3377 1739 3419 et
1767 3376 2159 3434 expugnatam

195 3463 609 3516 Alexandriam
645 3463 912 3527 princeps
949 3462 1342 3513 Romanorum
1378 3461 1841 3511 Ptolemaeorum
1876 3458 1934 3508 in
1970 3460 2159 3508 locum

196 3553 488 3605 successit.
557 3551 616 3604 Si
650 3551 821 3616 igitur
858 3552 928 3603 de
967 3551 1292 3602 differentia
1326 3551 1473 3601 inter
1509 3548 1795 3612 ὑπόμνημα
1832 3555 1889 3599 et
1913 3546 2158 3608 ἔντευξιν,
