2496 3996
733 285 829 337 Quo
859 285 988 344 modo
1019 298 1091 324 rex
1121 286 1382 337 supplicibus
1413 287 1692 338 responderit.
2180 278 2212 325 5

245 429 305 480 P.
331 427 593 480 Vatican.
619 428 652 478 5
683 441 816 492 pag.
842 427 956 490 352,
983 427 1080 479 29:
1120 428 1202 477 διὸ
1238 427 1380 485 ἀξιῶ,
1412 427 1527 489 ἥλιε
1562 430 1797 491 βασιλεῦ,
1825 430 1916 480 ἐὰν
1945 430 2210 493 φαίνηται,

333 515 629 579 προστάξαι
654 516 858 584 γράψαι
883 515 1240 583 Ποσειδωνίῳ
1267 521 1341 584 τῷ
1365 516 1917 580 ἀρχισωματοφύλακι
1944 521 2026 570 καὶ
2055 533 2211 583 στρα-

332 610 476 674 τηγῷ
517 605 929 669 ἀλειτούργητον
969 605 1132 656 αὐτὸν
1167 608 1390 667 ποιῆσαι

171 766 174 768 η
243 695 373 748 ibid.
407 711 540 763 pag.
572 697 688 759 356,
714 697 811 748 24:
852 696 933 746 διὸ
975 696 1117 757 ἀξιῶ,
1143 695 1257 757 ἥλιε
1283 697 1503 759 βασιλεῦ
1510 735 1646 756 .....
1686 695 1779 747 ἐάν
1819 709 1907 747 σοι
1946 699 2210 761 φαίνηται,

333 785 537 850 γράψαι
572 789 647 853 τῷ
684 785 1014 851 Ποσιδωνίῳ
1053 785 1210 835 ἐάσαι
1249 784 1413 835 αὐτὸν
1451 784 1581 834 ὄντα
1620 784 2031 848 ἀλειτούργητον

186 880 192 883 ’
241 876 542 942 Inscriptio
567 875 743 927 Philis
768 882 1015 940 reperta,
1042 875 1467 939 Dittenberger,
1493 874 1660 925 inscr.
1685 874 1889 926 orient.
1915 875 1951 937 Ι,
1980 876 2087 938 139,
2120 878 2179 928 13
2201 894 2210 929 :

337 965 546 1029 δεόμεθ’
573 965 724 1028 ὑμῶν
751 968 891 1015 Θεῶν
919 964 1197 1028 μεγίστων,
1226 963 1319 1013 ἐὰν
1347 963 1615 1027 φαίνηται,
1645 963 1899 1015 συντάξαι
1927 964 2210 1032 Νουμηνίω

334 1059 409 1121 τῷ
461 1057 708 1116 συγγενεῖ
755 1055 838 1104 καὶ
886 1053 1341 1119 ἐπιστολογράφῳ
1392 1052 1596 1115 γράψαι
1644 1053 1799 1119 Λόχω
1847 1059 1921 1122 τῷ
1967 1059 2213 1115 συγγενεῖ

335 1145 421 1195 καὶ
458 1147 739 1211 στρατηγῷ
777 1146 872 1205 τῆς
911 1143 1186 1206 Θηβαίδος
1225 1143 1289 1204 μὴ
1330 1144 1809 1205 παρενοχλεῖν....

245 1234 448 1286 Bullet.
482 1234 642 1285 dela
673 1233 900 1285 Societe
927 1232 1277 1296 Archeolog.
1306 1232 1717 1283 d’Alexandrie
1748 1233 1796 1284 Π
1832 1235 1959 1285 1900
1991 1250 2122 1300 pag.
2150 1237 2214 1286 70

334 1339 420 1375 VS.
442 1324 533 1375 26:
573 1322 854 1389 δ[εὸμεθ]α
887 1321 986 1372 οὖν
1022 1334 1126 1372 σου
1163 1322 1383 1385 βασιλεῦ
1417 1339 1538 1371 κ...
1562 1339 1594 1371 α
1629 1334 1731 1372 σου
1761 1324 1822 1386 (Ρ)
1850 1323 2054 1386 γράψαι
2088 1325 2213 1375 Διο-

334 1412 642 1479 νυσοδώρῳ
682 1412 766 1461 καὶ
801 1410 999 1473 Σίμωνι
1033 1415 1108 1478 τῷ
1146 1410 1422 1477 προστάτῃ
1448 1452 1456 1460 .
1481 1452 1489 1461 .
1512 1452 1553 1461 ..

246 1501 482 1554 Wiener
511 1501 751 1554 Studien
774 1501 918 1564 VIII,
944 1501 1044 1552 205
1064 1521 1119 1537 Ξ
1139 1501 1318 1551 Lond.
1341 1501 1364 1550 I
1399 1515 1530 1566 pag.
1557 1502 1623 1552 60
1659 1516 1743 1552 vs.
1770 1501 1866 1553 25:
1905 1502 2090 1564 δέομαι
2116 1503 2213 1554 οὖν

339 1604 443 1642 σου
479 1593 699 1655 βασιλεῦ
731 1589 1068 1658 προστά[ξαι]
1103 1589 1469 1651 επαναγκάσαι
1506 1590 1849 1659 [ἀποστῆναι]
1883 1595 1977 1654 τῆς
2017 1592 2145 1656 βίας.

426 1682 516 1732 Ex
565 1681 804 1747 papyris
854 1681 1184 1746 nuperrime
1239 1681 1549 1746 Magdolae
1604 1682 1851 1746 repertis
1912 1683 2001 1747 (Β.
2041 1683 2102 1734 C.
2143 1684 2212 1734 H.

246 1770 458 1834 XXVI,
483 1771 611 1822 1903
635 1785 767 1836 pag.
793 1771 879 1835 95)
906 1771 1079 1822 etiam
1106 1771 1430 1822 accuratius
1452 1771 1726 1836 cognosci
1750 1779 1960 1837 potest,
1988 1788 2101 1838 qua
2121 1774 2215 1824 via

248 1876 355 1912 rex
377 1861 435 1912 in
455 1861 860 1926 respondendo
880 1875 1020 1911 usus
1044 1860 1129 1911 sit.
1161 1860 1243 1923 Ei,
1265 1860 1361 1925 qui
1382 1860 1602 1911 litteras
1623 1861 1922 1926 petitorias
1944 1863 2213 1924 scribunt,

247 1958 464 2018 petunt,
518 1959 581 2002 ut
627 1966 733 2002 rex
776 1951 972 2001 iubeat
1015 1957 1338 2015 strategum
1386 1950 1673 2015 imperare
1713 1955 1788 2017 τῷ
1836 1951 2108 2017 ἐπιστάτῃ,
2153 1961 2215 2004 ut

248 2048 388 2107 agat
424 2041 741 2092 secundum
776 2040 1032 2106 ipsorum
1071 2041 1429 2090 voluntatem
1467 2055 1513 2091 e.
1540 2055 1594 2105 g.
1625 2055 1756 2105 pag.
1784 2043 1863 2104 99,
1897 2042 1988 2092 14:
2029 2042 2213 2104 δέομαι

249 2129 348 2181 οὖν
387 2143 507 2191 σου,
547 2131 782 2194 βασιλεῦ,
818 2129 1116 2192 προστάξαι
1144 2118 1519 2197 Διοφάνειτῷ
1555 2134 1836 2197 στρατηγῷ
1874 2130 2078 2194 γράψαι
2112 2131 2213 2182 Με-

247 2220 412 2286 νὲλλᾳ
460 2220 611 2285 (sic!)
659 2223 734 2286 τῷ
785 2218 1034 2284 ἐπιστάτῃ
1085 2218 1400 2268 ἀποστεῖλαι
1450 2218 1648 2280 αὐτούς
1693 2220 1789 2270 vel
1835 2234 1967 2285 pag.
2008 2221 2115 2283 102,
2149 2223 2211 2272 6;

249 2309 437 2371 δέομαι
463 2308 561 2359 οὖν
590 2321 710 2372 σου,
740 2309 976 2371 βασιλεῦ,
1002 2307 1299 2370 προστάξαι
1321 2307 1590 2370 Διοφάνει
1610 2312 1684 2375 τῷ
1708 2313 1988 2376 στρατηγῷ
2011 2310 2214 2374 γράψαι

250 2397 551 2464 Μενάνδρῳ
588 2401 663 2465 τῷ
702 2396 1081 2462 ἐπιστάτῃ
1129 2397 1193 2459 μὴ
1235 2396 1520 2459 ἐπιτρέπειν
1558 2400 1653 2448 vel
1688 2413 1820 2464 pag.
1862 2400 1971 2462 105,
1997 2400 2060 2452 8:
2101 2401 2214 2451 δεό-

249 2487 383 2551 μεθά
421 2499 541 2548 σου,
570 2487 807 2550 βασιλεῦ,
840 2485 1137 2548 προστάξαι
1174 2485 1444 2549 Διοφάνει
1479 2490 1554 2553 τῷ
1594 2495 1874 2557 στρατηγῷ
1907 2490 2110 2552 γράψαι
2136 2494 2210 2557 τῷ

249 2577 535 2640 Μελεάγρα
579 2577 734 2643 (sic!)
778 2579 853 2643 τῷ
898 2574 1147 2641 ἐπιστάτῃ
1188 2575 1370 2637 κώμης
1417 2575 1734 2639 Βουβάστου
1774 2578 2212 2629 ἀποστεῖλαι....

248 2667 319 2718 cf.
362 2681 491 2733 pag.
534 2667 643 2730 107,
681 2668 736 2731 63
792 2680 925 2731 pag.
975 2664 1069 2715 112
1112 2664 1213 2724 ΙΧ,
1255 2665 1308 2730 4;
1365 2680 1495 2730 pag.
1541 2667 1656 2730 114,
1700 2668 1782 2733 10;
1837 2683 1968 2734 pag.
2012 2670 2120 2732 116,
2158 2671 2212 2734 9;

248 2771 379 2822 pag.
411 2757 520 2819 118,
547 2758 579 2807 9
612 2763 718 2806 etC.
756 2754 1034 2820 Aegyptii
1062 2754 1236 2820 igitur
1263 2769 1298 2805 a
1322 2769 1462 2820 rege
1493 2763 1709 2820 petunt,
1744 2765 1806 2808 ut
1837 2760 1932 2809 vel
1963 2758 2088 2823 ipse
2121 2761 2214 2810 vel

250 2845 280 2896 ὁ
319 2845 795 2909 ἐπιστολογράφος
840 2844 1072 2895 nomine
1118 2845 1273 2910 regis
1319 2845 1567 2896 edictum
1612 2847 1745 2898 edat
1789 2848 1860 2899 de
1904 2863 2097 2911 causa,
2143 2849 2213 2899 de

248 2950 363 3001 qua
405 2935 659 2986 libellum
705 2935 998 2987 miserunt.
1063 2936 1225 2999 Quae
1270 2936 1520 2987 formula
1567 2936 1856 3001 petitionis
1902 2938 2214 3002 respondet

249 3024 302 3075 ei
344 3025 487 3087 usui,
537 3040 708 3090 quem
751 3026 1149 3076 Ptolemaeum
1186 3026 1328 3077 VIII.
1372 3026 1430 3076 in
1475 3026 1659 3076 edicto
1699 3026 1880 3090 (Tebt.
1916 3027 2053 3092 Pap.
2087 3028 2124 3089 Ι,
2162 3029 2212 3081 6)

249 3115 659 3166 observavisse
707 3115 970 3166 Vidimus,
1042 3115 1206 3166 Nunc
1259 3115 1374 3165 iarn
1431 3122 1674 3180 apparet
1727 3130 1928 3180 regern
1983 3131 2214 3181 semper

249 3204 769 3269 magistratibus
807 3204 877 3254 de
915 3204 1280 3269 petitionibus
1318 3204 1634 3270 scripsisse,
1674 3204 1938 3269 quamvis
1971 3204 2213 3255 diversis

250 3294 436 3345 modis
464 3294 652 3344 edicta
674 3294 837 3358 regia
868 3303 1150 3359 concepta
1177 3294 1288 3345 sint
1310 3311 1319 3345 :
1360 3303 1457 3346 aut
1488 3310 1593 3345 rex
1619 3293 1786 3344 mittit
1812 3295 2210 3359 apographum

250 3383 554 3449 petitioniS,
594 3384 878 3434 adnotans
908 3399 1038 3434 eam
1069 3385 1506 3449 comprobatam
1535 3399 1679 3446 esse,
1711 3391 1809 3435 aut
1838 3384 1962 3449 ipse
1989 3384 2213 3449 singula

249 3473 525 3525 mandata
540 3473 546 3478 ’
561 3473 674 3524 dat.
1885 3488 1887 3490 ’

406 3563 614 3614 Mirum
627 3563 868 3625 videtur,
881 3562 1034 3628 quod
1052 3563 1326 3629 Aegyptii
1343 3564 1561 3614 litteras
1580 3562 1875 3628 petitorias
1897 3563 2213 3615 scribentes
