2496 3996
1112 764 1281 811 PARS
1320 766 1352 811 I.

713 911 818 962 DE
861 912 1384 965 INSCRIPTIONE
1427 913 1739 965 SYENITI.

418 1059 480 1110 In
533 1059 903 1126 inscriptione
960 1061 1202 1126 Syeniti,
1260 1077 1408 1128 quae
1466 1078 1616 1114 anno
1676 1065 1804 1115 1895
1858 1080 1892 1116 a
1946 1066 2208 1119 Strackio

241 1148 472 1213 (Athen.
497 1149 639 1200 Mitt.
665 1149 779 1200 XX
811 1165 864 1215 p.
891 1150 990 1202 327
1016 1153 1160 1217 sqq.)
1199 1152 1519 1218 eodemque
1555 1153 1678 1204 fere
1721 1161 1985 1219 tempore
2024 1170 2058 1206 a
2094 1156 2212 1207 Ma-

239 1237 442 1304 haffyo
481 1238 936 1302 (Hermathenae
974 1241 1054 1301 IX
1089 1256 1143 1307 p.
1176 1242 1296 1306 273)
1341 1242 1493 1293 edita
1535 1251 1706 1308 atque
1745 1243 2209 1297 adnotationibus

237 1327 585 1381 doctissimis
620 1329 901 1380 instructa
944 1338 1032 1381 est
1070 1331 1146 1395 (z
1180 1331 1608 1398 Dittenberger,
1646 1333 1899 1399 inscript.
1935 1335 2132 1387 orient.
2171 1338 2208 1400 I,

242 1417 373 1481 168),
398 1417 614 1468 incisae
641 1426 774 1470 sunt
796 1421 1106 1471 nonnullae
1134 1420 1413 1486 epistulae
1445 1422 1814 1487 petitoriae1),
1843 1439 1987 1489 quas
2021 1440 2209 1477 sacer-

238 1506 404 1558 dotes
450 1507 649 1572 templi
696 1508 770 1559 ad
805 1523 1008 1574 regem
1049 1517 1105 1560 et
1148 1510 1411 1575 reginam
1449 1511 1875 1577 Aegyptiorum
1912 1513 2205 1577 miserunt,

237 1604 294 1647 et
329 1611 628 1662 responsa,
658 1613 806 1663 quae
843 1613 948 1649 rex
982 1607 1039 1650 et
1072 1599 1275 1665 regina
1308 1601 1706 1652 sacerdotibus
1734 1602 2029 1654 dederunt.
2068 1604 2205 1654 Eius

235 1687 392 1738 modi
431 1687 754 1738 libellorum
799 1687 856 1738 in
898 1689 1176 1755 Aegypto
1219 1697 1584 1755 repertorum
1626 1692 1782 1742 haud
1824 1707 2071 1757 parvum
2108 1708 2207 1744 nu-

235 1790 460 1828 merum
513 1776 917 1842 cognovimUS,
972 1786 1034 1829 ut
1078 1794 1228 1829 nunc
1270 1779 1386 1830 iam
1421 1779 1588 1830 nobis
1629 1779 2029 1844 inquirendum
2075 1795 2205 1831 esse

216 1880 528 1929 censeam,
567 1881 682 1931 qua
705 1867 802 1917 via
836 1867 1060 1918 incolae
1100 1868 1358 1933 Aegypti
1395 1869 1468 1919 ad
1503 1883 1706 1934 regem
1743 1868 2047 1933 petitiones
2084 1869 2205 1919 mit-

233 1963 421 2011 tentes
454 1956 543 2007 usi
573 1956 705 2020 sint,
744 1957 1089 2022 praesertim
1123 1973 1254 2008 cum
1299 1973 1529 2023 sperem
1573 1959 1684 2008 hac
1722 1957 1816 2008 via
1853 1958 2085 2022 cognita
2127 1959 2204 2008 in-

234 2045 558 2110 scriptionis
595 2046 844 2110 Syenitis
882 2049 1042 2098 locos
1085 2049 1407 2111 nonnuHOS,
1446 2047 1541 2113 qui
1577 2048 1766 2099 adhuc
1792 2047 2048 2098 Virorum
2075 2048 2204 2098 doc-

232 2142 423 2186 torum
461 2149 704 2186 acumen
742 2143 799 2187 et
836 2136 1135 2187 scientiam
1173 2137 1489 2201 eluderunt,
1529 2138 1784 2203 suppleri
1821 2152 2011 2203 posse.

412 2225 528 2277 Sed
563 2234 874 2292 antequam
912 2227 986 2278 ad
1020 2228 1381 2293 propositum
1417 2229 1603 2291 veniO,
1643 2243 1773 2279 cum
1817 2227 2201 2293 inscriptionis

230 2322 427 2380 partes
464 2315 761 2382 utriusque
792 2317 989 2368 lateris
1016 2325 1313 2369 extremae
1346 2318 1633 2383 perierint,
1669 2332 1699 2368 e
1724 2333 1787 2368 re
1813 2317 1951 2368 mihi
1975 2318 2203 2369 videtur

231 2419 362 2455 esse
381 2405 836 2470 magnitudinem
855 2408 1194 2458 lacunarum
1212 2408 1384 2458 certis
1402 2407 1660 2459 terminis
1678 2407 1860 2458 finire.
1880 2408 1982 2458 Vs.
2003 2408 2064 2457 15
2077 2423 2198 2473 sqq.

232 2493 560 2546 exhibuisse
599 2495 904 2560 epistulam
942 2511 977 2548 a
1014 2496 1326 2562 Cleopatra
1361 2496 1563 2562 regina
1601 2505 1657 2547 et
1688 2497 2022 2548 Ptolemaeo
2060 2512 2199 2562 rege

230 2584 304 2635 ad
340 2585 675 2636 sacerdotes
707 2586 1227 2651 Elephantinenses
1258 2586 1499 2637 missam
1526 2594 1582 2637 et
1610 2587 1815 2638 Strack
1853 2594 1909 2637 et
1934 2586 2199 2651 Mahaffy

227 2673 507 2725 viderunt.
549 2674 695 2726 Cum
720 2683 914 2727 autem
938 2676 1288 2742 ignoremuS,
1308 2684 1501 2727 utrum
1526 2676 1706 2727 series
1732 2677 2198 2728 Ptolemaeorum

228 2772 716 2827 consecratorum,
756 2766 852 2831 qui
886 2773 1020 2831 post
1055 2765 1280 2829 Χνούβω
1322 2763 1512 2830 Νεβιήβ
1551 2767 1656 2830 (Vs,
1690 2767 1775 2831 33)
1811 2766 2193 2829 nominantur,

216 2853 445 2922 initium
482 2855 698 2920 ceperit
736 2870 771 2906 a
811 2855 969 2906 »deis
1007 2855 1436 2906 servatoribus«
1480 2871 1554 2906 an
1592 2870 1625 2905 a
1667 2855 1825 2906 »deis
1862 2854 2193 2919 fratribus«,

227 2946 692 3010 supplementum
714 2960 919 2997 versus
945 2947 1005 2996 15
1028 2945 1310 2996 incertum
1337 2952 1446 3009 est;
1470 2953 1527 2995 at
1546 2959 1754 2995 Versus
1783 2946 1843 2995 16
1869 2944 2009 2995 satis
2036 2952 2193 2995 certo

150 3062 153 3064 —
187 3036 190 3037 ’
227 3033 483 3098 suppleri
507 3042 714 3099 potest.
752 3035 908 3086 Infra
928 3035 1079 3100 (pag.
1106 3035 1192 3099 38)
1222 3035 1745 3085 demonstrabimus
1774 3033 1904 3084 inde
1937 3048 1971 3084 a
2007 3042 2192 3084 morte

226 3121 542 3174 Ptolemaei
559 3124 703 3175 VIII.
731 3124 782 3189 (i.
804 3140 850 3175 e.
880 3125 950 3175 ab
981 3139 1131 3175 anno
1162 3124 1275 3188 116)
1303 3124 1480 3174 finem
1504 3122 1703 3174 indicis
1729 3123 2193 3173 Ptolemaeorum

227 3221 698 3264 consecratorum
712 3215 864 3264 hunc
877 3213 1078 3264 fuisse:
1100 3212 1111 3229 '
1127 3214 1421 3276 Επιφανεῑς
1436 3243 1498 3247 -
1517 3212 1775 3274 Εὐπάτωρ
1792 3242 1857 3246 ——
1873 3207 2191 3274 Φιλομήτωρ

229 3331 287 3370 ᾗ
329 3302 650 3365 Φιλοπάτωρ
683 3302 808 3364 νέος
832 3333 898 3337 -
926 3301 1218 3365 Εὐεργέτης
1242 3333 1306 3337 -
1334 3301 1701 3364 Φιλομήτορες
1737 3300 2002 3362 Σωτῆρες.
2046 3301 2192 3351 Ean-

226 3392 357 3442 dem
417 3390 626 3441 seriem
687 3391 860 3442 etiam
919 3391 975 3442 in
1035 3391 1403 3456 inscriptione
1463 3390 1682 3456 Syeniti
1741 3390 1919 3441 fuisse
1983 3391 2191 3441 docent

406 3534 434 3581 ¹)
464 3532 519 3571 Ut
548 3539 640 3570 utar
670 3532 989 3583 Dittenbergeri
1018 3533 1158 3571 verbis
1188 3532 1212 3571 1.
1231 3545 1263 3570 s.
1283 3532 1308 3571 l.
1333 3532 1428 3571 adn.
1454 3542 1484 3570 1.

1928 3627 1942 3655 1
