2496 3996
313 271 379 323 52
712 285 778 324 De
807 287 1084 338 praescriptis
1112 288 1487 334 instrumentorum
1517 290 1781 341 publicorum
1811 300 1889 331 etc.

314 426 712 491 suspicabitur,
762 427 895 492 quia
943 435 1114 479 antea
1148 429 1233 485 >ab
1277 430 1668 483 instrumentis
1713 440 1768 484 et
1804 434 2044 499 publicis
2082 443 2138 486 et
2172 437 2281 502 pri-

312 517 461 567 vatis
500 518 677 568 abest.
751 517 896 568 Cum
943 518 1114 582 igitur
1151 528 1431 584 appareat
1468 522 1752 574 consilio
1791 523 2039 576 scribam
2074 526 2282 590 papyri

311 607 491 658 nostri
529 607 735 657 ceteris
772 607 1167 658 sacerdotibus
1205 607 1347 670 ἱερὸν
1371 610 1772 674 πῶλονἽσιδος
1797 613 2100 678 addidisse,
2127 617 2282 680 quod

312 697 698 748 sacerdotium
757 697 906 748 intra
959 697 1209 761 spatium
1263 712 1544 750 annorum
1599 700 1875 763 131—116,
1931 698 2281 770 quamquam'

310 801 557 851 magnus
610 801 884 837 numerus
932 787 1421 851 praescriptorum
1476 798 1855 842 conservatus
1903 800 2005 855 est,
2051 808 2167 844 non
2201 794 2279 846 in-

309 875 550 938 venitur,
589 875 845 941 sequitur
870 876 1259 928 sacerdotium
1293 878 1496 941 paulo
1533 886 1687 942 post
1723 893 1966 932 annum
1995 883 2083 934 131
2115 883 2280 937 >abo·

308 966 496 1021 litum
534 980 680 1017 esse.
752 966 1066 1031 Postquam
1115 974 1308 1019 autem
1353 967 1422 1017 de
1460 967 1843 1021 Wilamowitz
1886 979 2044 1022 recte
2081 973 2278 1031 statuit

304 1054 486 1104 ‘’'loibot
537 1053 768 1116 μεγάλην
818 1054 1016 1116 μητέρα
1076 1058 1216 1105 Θεῶν
1266 1069 1412 1106 esse⁴
1441 1055 1812 1121 Cleopatram
1851 1059 1896 1110 ΙΙ
1950 1059 2278 1121 deificatam

308 1144 326 1207 ζ
330 1143 399 1194 cf.
418 1157 549 1208 pag.
571 1143 671 1207 42),
699 1143 914 1208 proprii
940 1144 1246 1196 sacerdotii
1273 1144 1618 1210 Cleopatrae
1638 1147 1685 1198 ΙΙ
1717 1155 1852 1200 tunc
1886 1149 2059 1203 etiam
2085 1166 2278 1218 super-

307 1233 452 1284 stitis
488 1248 674 1298 neque
711 1233 986 1284 institutio
1022 1249 1208 1299 neque
1247 1235 1478 1286 abolitio
1510 1237 1771 1301 separari
1794 1247 1985 1303 potest
2010 1255 2046 1290 a
2070 1240 2279 1293 discor-

308 1323 427 1386 diis,
467 1338 616 1388 quae
652 1323 984 1388 flagrabant
1018 1324 1166 1374 inter
1201 1324 1598 1377 Ptolemaeum
1623 1327 1752 1378 VIII
1777 1327 2011 1394 eiusque
2036 1345 2278 1383 uxorem

308 1413 678 1479 Cleopatram
714 1413 774 1465 II.

483 1503 568 1554 Re
604 1518 747 1555 vera
784 1503 1002 1555 eisdem
1038 1503 1161 1554 fere
1198 1504 1376 1567 anniS,
1426 1505 1629 1570 quibus
1664 1521 1923 1571 papyrus
1960 1508 2278 1562 demoticus

307 1594 555 1658 scriptus
593 1601 696 1657 est,
734 1594 1142 1648 Ptolemaeum
1172 1594 1297 1645 VIII
1333 1609 1461 1645 cum
1502 1595 1812 1661 Cleopatra
1846 1612 2028 1649 uxore
2064 1575 2278 1652 bellum

308 1684 563 1748 gessisse
624 1691 851 1735 constat
908 1684 1055 1735 inter
1114 1698 1331 1735 omnes,
1407 1685 1654 1737 Iustinus
1715 1686 2059 1751 (XXXVIII,
2106 1689 2152 1752 8,
2195 1690 2278 1756 11)

303 1773 616 1824 memoriae
654 1773 902 1838 prodidit
937 1773 1384 1824 Philometorem
1423 1789 1552 1825 cum
1587 1774 1721 1838 filio,
1760 1791 1930 1840 quem
1968 1792 2040 1828 ex
2076 1792 2277 1832 sorore

307 1863 674 1928 suscepisset,
732 1871 787 1914 et
841 1878 972 1914 cum
1021 1863 1332 1929 Cleopatra
1377 1863 1449 1914 III
1500 1879 1682 1916 uxore
1734 1873 1892 1916 metu
1942 1866 2276 1920 insidiarum

304 1961 654 2004 commotum
708 1953 765 2004 in
818 1952 1050 2004 exilium
1101 1953 1425 2018 profectum
1470 1968 1600 2004 esse
1643 1961 1701 2005 et
1742 1954 1923 2007 filium
1959 1957 2276 2012 maximum

301 2051 455 2106 natU,
495 2058 665 2108 quem
693 2042 1003 2108 Cleopatra
1028 2042 1074 2092 II
1110 2043 1446 2108 peperisset,
1483 2043 1856 2097 interfecisse.
1906 2045 2126 2100 Eadem
2150 2047 2273 2100 fere

300 2132 627 2184 referuntur
665 2148 698 2183 a
724 2132 982 2184 Diodoro
1021 2133 1318 2197 (excerpta
1352 2132 1478 2184 libri
1502 2133 1770 2195 XXXIV,
1800 2134 1896 2199 14),
1930 2135 2093 2187 Livio
2121 2136 2272 2202 (epit.

301 2222 469 2287 LIX),
519 2222 756 2274 Valerio
792 2222 1067 2278 Maximo.
1097 2222 1210 2287 (IX,
1248 2223 1280 2274 2
1318 2232 1429 2274 ext.
1466 2225 1534 2288 5).
1607 2223 1699 2275 Ab
1747 2223 1836 2274 his
1871 2239 2065 2277 rerum
2102 2225 2274 2292 scrip—

301 2313 519 2364 toribus
565 2327 637 2364 ·eo
687 2312 879 2364 differt
918 2312 1158 2364 Orosius
1207 2312 1298 2377 (V,
1341 2313 1417 2375 10,
1444 2312 1511 2376 6),
1562 2314 1714 2378 quod
1761 2315 1907 2366 haec
1959 2316 2274 2369 memoriae

300 2401 567 2466 prodidit:
610 2402 860 2453 »Eodem
898 2416 1048 2453 anno
1088 2401 1323 2466 (scilicet
1360 2403 1595 2454 consule
1631 2403 1934 2469 Perpenna
1972 2426 2026 2442 =
2063 2420 2112 2457 a.
2141 2392 2272 2458 Chr.

306 2492 419 2556 130)
445 2491 760 2543 Ptolemaei
784 2491 1309 2547 Alexandrinorum
1343 2491 1499 2556 regis
1535 2492 1748 2543 misera
1771 2493 1891 2544 vita
1915 2494 2272 2548 miseriorem

302 2582 472 2632 vitae·
494 2582 710 2633 exitum
747 2581 916 2633 dedit.
964 2581 1018 2632 Is
1055 2581 1205 2632 enim
1242 2595 1503 2640 sororem
1541 2596 1706 2633 suam
1744 2591 1943 2648 stupro
1981 2585 2272 2649 cognitam

301 2687 369 2723 ac
406 2672 610 2723 deinde
645 2672 702 2723 in
725 2671 1152 2723 matrimonium
1176 2679 1473 2737 receptam
1497 2672 1810 2724 novissime
1835 2673 2071 2738 turpiuS,
2099 2689 2271 2740 quam

301 2762 474 2823 duxit,
513 2762 731 2814 abiecit.
803 2763 1136 2828 Privignam
1171 2777 1312 2812 vero
1351 2776 1532 2824 suam,
1570 2763 1681 2817 hoc
1719 2770 1805 2815 est
1841 2763 2020 2818 filiam
2056 2764 2272 2816 sororis

301 2860 356 2902 et
393 2851 666 2917 coniugiS,
706 2852 1010 2917 coniugem
1048 2851 1303 2914 adscivit,
1341 2851 1521 2902 filium
1558 2866 1740 2915 suum,
1776 2867 1947 2917 quem
1973 2868 2045 2907 ex
2071 2868 2271 2907 sorore

301 2950 651 3006 susceperat,
689 2957 796 2993 nec
832 2957 947 2993 non
985 2949 1041 2992 et
1075 2941 1256 2993 filium
1291 2940 1486 2992 fratris
1525 2940 1742 2992 occidit.
1816 2941 2002 3005 Quam
2040 2943 2112 2994 ob
2148 2958 2272 2994 rem

300 3031 471 3082 tantis
534 3031 767 3082 incestis
826 3031 1256 3097 parricidiisque
1308 3030 1679 3082 exsecrabilis
1740 3031 1811 3081 ab
1865 3031 2272 3086 Alexandrinis

299 3135 479 3185 regno
534 3123 734 3185 pulsus
789 3130 924 3173 est«.
998 3121 1186 3184 Quam
1238 3119 1629 3172 narrationem
1679 3120 1868 3172 Orosii
1915 3121 2103 3172 minus
2141 3137 2271 3173 esse

301 3218 631 3261 accuratam
678 3226 849 3262 nemo
899 3219 987 3262 est
1035 3210 1169 3276 quin
1220 3209 1422 3261 videat.
1497 3209 1645 3261 Nam
1681 3225 1885 3262 necem
1921 3211 2022 3263 filii
2058 3211 2270 3275 fratriS,

299 3315 445 3364 quae
484 3315 633 3351 anno
677 3301 770 3351 145
806 3300 961 3351 facta
998 3309 1099 3363 est,
1138 3299 1330 3350 tribuit
1367 3314 1522 3350 anno
1566 3300 1660 3351 130
1698 3300 1787 3363 (cf.
1815 3315 1946 3365 pag.
1974 3301 2037 3350 47
2065 3300 2192 3352 adn.
2223 3301 2270 3365 1)

302 3398 357 3439 et
405 3399 650 3440 mortem
697 3389 876 3455 ipsius
923 3389 1022 3440 filii
1071 3404 1308 3441 causam
1344 3389 1519 3453 fugae
1557 3389 1711 3451 regis
1747 3389 1927 3441 fuisse
1966 3389 2270 3453 contendit,

302 3494 646 3543 quamquam
703 3479 878 3530 ceteri
929 3487 1196 3531 auctores
1248 3463 1388 3530 sunt*
1432 3479 1826 3530 Ptolemaeum
1882 3479 1984 3529 »ob
2037 3477 2270 3530 nimiam

302 3569 694 3620 crudelitatem
742 3569 829 3621 sui
870 3569 1116 3620 invisum
1156 3570 1304 3620 clam
1342 3568 1576 3633 Cypron
1611 3567 1830 3633 fugisse
1866 3567 2054 3632 ibique
2089 3566 2270 3618 filium
