2496 3996
280 307 345 358 20
981 319 1047 357 De
1077 319 1354 371 inscriptione
1385 318 1560 369 Syeniti.

281 462 457 513 Paris.
495 462 541 524 8,
574 462 655 511 17:
696 461 778 510 διὸ
818 458 960 522 ἀξιῶ,
999 458 1098 522 ἐὰμ
1137 459 1404 522 φαίνηται,
1434 460 1815 513 συντάξαι....
1843 460 2254 524 ἐπισκέψασθαι.

282 552 489 616 Papyr.
538 550 872 601 Theresian.
936 549 1064 600 edit.
1115 564 1148 600 a
1197 549 1494 614 wessely,
1563 550 1801 602 Studien
1858 559 1961 602 zui·
2020 551 2254 603 Palaeo-

383 640 623 706 graphie
661 655 713 691 u.
750 639 1210 704 Papyruskunde
1246 639 1269 688 I
1305 653 1436 703 pag.
1481 640 1521 702 1,
1571 655 1656 692 vs,
1698 642 1784 692 16:
1831 639 1958 692 ἀξιῶ
2008 640 2121 704 οὖν,
2161 641 2254 691 ἐάν

386 743 474 779 σοι
513 729 782 792 φαίνηται,
824 727 1143 794 συντά[Ξαι].

461 819 682 869 Eodem
717 806 890 883 igitur
908 817 1098 878 mod0‚
1127 832 1239 882 quo
1265 817 1322 868 in
1347 817 1714 882 petitionibus
1741 819 1815 869 ad
1838 834 2039 885 regem
2065 819 2255 871 missis

283 910 426 960 duas
451 909 732 960 formulas
760 908 1087 959 discernere
1113 907 1283 970 licuit,
1313 907 1486 959 etiam
1510 907 1567 958 in
1593 908 1796 960 libellis
1823 908 2256 974 magistratibus

283 999 488 1050 oblatis
525 999 790 1049 videmus
827 1005 949 1050 tum
985 999 1136 1049 hanc
1172 1006 1294 1049 tum
1330 999 1486 1050 illam
1524 998 1838 1050 adhibitam
1865 1013 2022 1049 esse:
2059 1005 2121 1050 ut
2152 1014 2258 1051 rex

281 1090 361 1141 ita
407 1088 783 1153 magistratus
832 1095 931 1139 aut
978 1088 1312 1153 petitionem
1350 1089 1789 1153 comprobatam
1826 1087 2258 1153 magistratibus

283 1178 597 1230 minoribus
633 1177 860 1228 mittere
899 1184 996 1229 aut
1032 1177 1142 1242 ipsi
1178 1177 1404 1242 singula
1439 1177 1599 1228 iussa
1635 1177 1774 1228 dare
1810 1177 2008 1242 potuit.
2063 1177 2260 1230 Facile

282 1267 614 1333 intelligitur
652 1266 790 1330 eiuS,
830 1266 924 1332 qui
960 1263 1295 1332 petitionem
1332 1266 1500 1330 misit,
1527 1282 1644 1318 non
1669 1266 1905 1317 minoris
1930 1255 2258 1319 interfuisse

283 1358 444 1421 scire,
501 1357 635 1423 quid
687 1370 791 1413 rex
839 1357 1258 1422 respondisset;
1314 1371 1494 1422 quare
1539 1357 1590 1407 ei
1639 1371 1865 1422 quoque
1913 1371 2260 1422 responsum

283 1449 541 1499 dabatur.
613 1446 751 1498 Eius
793 1446 949 1497 modi
984 1446 1238 1497 libellum
1273 1461 1406 1498 mea
1441 1446 1671 1511 quidem
1707 1446 1992 1498 sententia
2028 1446 2262 1498 exhibet

282 1538 574 1603 inscriptio
611 1537 787 1588 Philis
836 1544 1082 1602 reperta,
1122 1551 1157 1587 a
1193 1551 1308 1602 qua.
1354 1536 1477 1587 fere
1526 1536 1791 1602 profecta
1827 1544 1914 1587 est
1950 1536 2259 1602 disputatio

282 1636 496 1680 nostra.
558 1627 1005 1692 (Dittenberger‚
1044 1628 1212 1677 inscr.
1252 1626 1450 1677 orient.
1489 1627 1525 1686 I,
1559 1628 1651 1678 137
1678 1628 1822 1692 sqq.)
1895 1627 2260 1695 Quamquam

284 1718 537 1769 maxima
590 1732 728 1783 pars
780 1717 1039 1768 virorum
1093 1716 1410 1778 doctorum,
1467 1713 1562 1781 qui
1614 1716 1684 1766 de
1738 1717 1848 1767 hac
1891 1716 2261 1782 inscriptione

285 1815 541 1873 egerunt,
581 1808 999 1858 contenderunt
1035 1806 1093 1857 in
1128 1807 1326 1857 tabula
1360 1805 1551 1856 inesse
1589 1813 1708 1856 tres
1744 1804 1990 1857 libellos:

467 1899 514 1962 1)
553 1897 858 1963 epistulam
895 1896 1050 1961 regis
1089 1896 1163 1946 ad
1198 1895 1534 1946 sacerdotes
1572 1895 1766 1946 datam
1806 1895 1901 1960 (A)

462 1987 514 2052 2>
554 1987 809 2038 eiusdem
850 1986 1155 2051 epistulam
1193 1985 1264 2035 ad
1302 1985 1565 2036 Lochum
1603 1985 1690 2049 (B)

467 2079 519 2143 3)
557 2077 891 2143 petitionem
930 2077 1300 2128 sacerdotum
1339 2076 1445 2140 (C),

290 2169 669 2242 tamen-haec
705 2166 1103 2232 interpretatio
1140 2166 1328 2217 minus
1367 2175 1643 2218 accurata
1678 2166 1816 2217 mihi
1851 2167 2079 2218 videtur
2109 2181 2262 2232 esse;

291 2273 425 2309 nam
450 2272 624 2308 unam
651 2256 943 2322 inscriptio
971 2256 1202 2307 exhibet
1223 2256 1530 2322 epistulam
1551 2263 1608 2307 et
1633 2255 1791 2307 illam
1811 2255 2041 2321 quidem
2061 2271 2096 2307 a
2123 2270 2263 2322 rege

294 2348 364 2398 ad
393 2348 726 2398 sacerdotes
753 2348 963 2398 datam.
1012 2347 1216 2398 Partes
1242 2361 1432 2421 porrO,
1468 2360 1616 2411 quae
1642 2344 2040 2410 significantur
2064 2345 2266 2396 litteris

296 2438 339 2488 Β
379 2446 433 2488 et
472 2438 532 2499 C,
584 2437 720 2487 nihil
769 2452 899 2488 esse
946 2436 1056 2487 nisi
1102 2436 1323 2487 iussum
1368 2435 1524 2500 regis
1563 2442 1821 2499 stratego
1861 2435 2058 2485 datum
2095 2442 2267 2500 atque

296 2529 464 2591 plane
518 2527 873 2591 respondere
925 2541 1056 2591 pap.
1109 2525 1266 2576 Leid.
1306 2524 1358 2575 G
1404 2524 1519 2575 iam
1570 2539 1642 2574 ex
1692 2524 1774 2575 eis
1812 2531 2070 2589 apparet,
2120 2539 2268 2590 quae

298 2631 471 2680 supra
512 2615 1111 2666 commemoravimus⁸
1160 2615 1304 2665 Pars
1339 2613 1725 2678 inscriptionis
1762 2613 1952 2664 littera
1988 2613 2033 2663 Β
2059 2613 2271 2679 signifi-

300 2712 443 2766 cata,
483 2719 652 2769 quam
692 2705 1044 2755 contendunt
1081 2718 1211 2754 esse
1239 2703 1545 2769 epistulam
1570 2702 1725 2768 regis
1751 2703 1949 2754 Locho
1976 2703 2269 2768 scriptam,

300 2809 613 2859 numquam
650 2794 945 2859 proprium
999 2809 1068 2845 ac
1105 2794 1433 2845 absolutum
1479 2792 1585 2843 fuit
1620 2792 2086 2858 instrumentum3
2135 2807 2270 2844 nam

301 2885 407 2936 nisi
443 2898 579 2948 pars
618 2883 661 2933 C
689 2883 882 2934 addita
907 2884 1027 2946 erit,
1055 2885 1271 2934 nullum
1299 2889 1704 2948 argumentum
1729 2882 1975 2934 habebit.
2025 2883 2096 2934 Et
2120 2883 2272 2934 idem

304 2975 373 3024 de
400 2981 580 3038 parte,
608 2988 754 3037 quae
781 2956 1352 3038 significaturlittera
1377 2972 1445 3035 A,
1474 2971 1777 3022 dicendum
1804 2979 1913 3023 est:
1940 2972 2048 3023 nisi
2072 2972 2117 3023 Β
2145 2981 2201 3024 et
2227 2972 2273 3024 C

305 3062 529 3127 adjecta
555 3072 734 3123 erunt,
762 3065 816 3114 A
837 3064 1021 3115 omnis
1048 3063 1372 3128 argumenti
1396 3062 1686 3128 indigebit.
1715 3062 2078 3128 Quamquam
2103 3061 2275 3128 igitur

304 3154 361 3204 in
396 3153 763 3219 inscriptione
801 3169 911 3204 non
955 3163 1184 3205 exstant
1220 3162 1338 3204 tres
1374 3152 1560 3216 libelli,
1587 3160 1783 3204 tamen
1809 3168 1881 3203 ex
1905 3151 2276 3218 inscriptione

306 3252 424 3294 tres
462 3242 633 3293 libelli
668 3242 887 3293 restitui
926 3251 1182 3307 possunt.

352 3333 388 3383 Ι.
427 3333 569 3382 Pars
608 3331 675 3382 C:
713 3331 925 3396 petitiO,
965 3347 1137 3397 quam
1176 3332 1512 3396 sacerdotes
1549 3331 1673 3396 regi
1710 3331 2051 3382 obtulerant.

331 3422 391 3473 Π.
430 3423 632 3472 Partes
679 3421 723 3471 Β
763 3428 817 3471 et
855 3422 919 3472 C:
970 3422 1189 3471 iussum
1236 3421 1390 3485 regis
1439 3422 1639 3472 Locho
1686 3421 1883 3472 datum
1929 3419 2275 3485 bipartitum,

434 3511 585 3576 quod
622 3512 793 3576 plane
830 3511 1142 3575 respondet
1179 3525 1403 3575 papyro
1441 3510 1599 3562 Leid.
1638 3510 1705 3561 G.

313 3601 396 3652 ΙΙΙ.
435 3602 637 3651 Partes
680 3600 734 3650 A
766 3600 810 3650 B
845 3599 911 3650 C:
977 3614 1321 3664 responsum
1377 3599 1531 3664 regis
1584 3599 1658 3651 ad
1700 3598 2035 3650 sacerdotes
2079 3596 2317 3647 datum‘

2435 3387 2496 3653 ἓ
