2496 3996
898 311 965 348 De
994 310 1124 349 verbo
1156 309 1472 360 ἐντυγχάνειν.
2113 299 2172 348 19

207 454 449 516 ἔντευξις,
487 455 640 519 qu'od
676 468 710 504 a
745 453 925 504 Verbo
964 451 1297 515 ἐντυγχάνειν
1335 451 1658 503 derivatum
1685 459 1785 514 est,
1824 453 1880 503 in
1906 468 2172 504 sermone

206 543 631 609 Aegyptiorum
690 549 744 593 et
802 541 1138 607 petitionem
1191 540 1385 592 verbis
1445 542 1690 591 relatam
1739 549 1793 591 et
1840 542 2172 606 petitionem

205 616 406 685 libellis
445 646 784 697 expressam
823 630 1111 697 significat
1149 646 1194 682 e.
1222 645 1275 696 g.
1303 631 1361 681 P.
1388 630 1538 681 Petr.
1565 630 1611 680 ΙΙ
1638 629 1706 697 [3]
1735 631 1829 695 (2):
1869 631 2172 692 ἐπανὲγνων

207 720 351 788 αὐτῷ
387 721 484 794 τήν
520 719 766 772 ἐ’ντευξιν.

382 811 445 862 Id
470 811 756 876 quodiam
783 825 959 876 supra
977 810 1339 873 coniecimUS,
1362 809 1749 861 differentiam
1770 811 1951 861 altero
1975 825 2023 861 a.
2041 811 2172 862 Chr.

122 915 126 918 ·
205 901 438 951 saeculo
480 900 627 952 inter
662 899 893 952 ’ἔντευξιν
933 900 1286 966 (petitionem
1322 899 1447 964 regi
1483 899 1758 963 oblatam)
1797 906 1854 950 et
1889 896 2175 962 ὑπόμνημα

204 989 559 1055 (petitionem
607 991 681 1041 ad
727 990 1102 1056 magistratus
1139 989 1398 1054 missam)
1445 988 1660 1040 factam
1696 1003 1813 1039 non
1848 987 1906 1038 in
1942 989 2174 1054 propria

205 1079 623 1145 significatione
670 1080 895 1131 illorum
945 1079 1362 1130 vocabulorum
1410 1078 1660 1144 positam
1709 1093 1862 1140 esse,
1921 1078 1978 1128 id
2024 1094 2175 1129 nunc

203 1169 318 1220 iam
356 1167 760 1220 confirmatum
799 1172 886 1216 est
921 1165 1157 1216 historia
1197 1180 1396 1216 eorum
1434 1167 1798 1231 perlustrata.

383 1257 498 1310 Sed
544 1263 907 1308 revertamur
955 1255 1028 1306 ad
1075 1240 1450 1320 propositum.
1535 1254 1725 1319 Supra
1773 1255 1925 1320 (pag.
1964 1257 1995 1306 6
2032 1258 2174 1322 sqq.)

204 1347 508 1399 statuimus
547 1345 712 1397 alteri
742 1344 1122 1395 formularum
1147 1343 1205 1394 in
1228 1343 1595 1408 petitionibus
1620 1344 1746 1410 regi
1769 1343 2056 1410 inscriptis
2083 1346 2176 1396 ad-

149 1430 155 1434 ’
203 1437 510 1490 hibitarum
559 1435 767 1501 (δέομαι
813 1433 1129 1484 ἀποστεῖλαί
1167 1449 1268 1496 μου
1305 1434 1401 1496 τὴν
1440 1432 1694 1497 ἔντευξιν)
1730 1435 2084 1499 respondere
2119 1435 2177 1486 in

203 1527 568 1594 petitionibus
616 1526 689 1576 ad
737 1524 1112 1589 magistratus
1156 1523 1347 1574 missis
1382 1523 1717 1574 formulam&
1767 1523 1893 1574 ἀξιῶ
1922 1522 2176 1576 ὑποτάξαι

203 1619 298 1668 τοῦ
351 1615 735 1679 ὑπομνήματος
779 1613 1111 1676 ἀντίγραφον
1157 1611 1239 1674 οἷς
1283 1613 1511 1674 καθήκει.
1582 1613 1786 1664 Altera
1827 1613 2076 1665 formula
2120 1615 2176 1665 in

203 1706 570 1773 petitionibus
632 1705 758 1770 regi
813 1704 1021 1755 oblatis
1075 1703 1288 1754 usitata
1342 1702 1548 1767 (διόπερ
1588 1702 1715 1754 ἀξιῶ
1753 1715 1914 1755 σε...
1953 1703 2047 1753 ἐάν
2087 1716 2176 1754 σοι

206 1796 458 1860 φαίνηται
508 1795 761 1847 συντάξαι
808 1811 853 1846 e.
890 1795 990 1846 Inf.
1038 1794 1107 1845 ef.
1145 1809 1278 1859 pag.
1317 1795 1350 1844 4
1386 1794 1531 1859 sqq.)
1580 1794 1786 1844 eodem
1832 1783 1955 1844 fere
2002 1794 2175 1844 modo

204 1886 508 1938 adhibetur
543 1887 601 1937 in
637 1885 1005 1952 petitionibus
1042 1883 1407 1949 magistratui
1441 1883 1753 1948 inscriptis:
1793 1898 1839 1934 e.
1867 1898 1918 1948 g.

205 1991 401 2043 Grenf.
452 1991 566 2042 and
614 1991 772 2042 Hunt
809 1990 846 2052 Ι,
893 1990 972 2052 38,
1017 1990 1098 2040 16:
1147 1988 1228 2038 διὸ
1277 1987 1422 2051 ἀξιῶ,
1468 1986 1560 2037 ἐὰν
1608 1987 1875 2051 φαίνηται,
1923 1987 2177 2038 συντάξαι

304 2080 508 2144 γράψαι
548 2079 795 2145 Κλεάρχῳ
833 2082 908 2146 τῷ
948 2076 1215 2139 ἑπιστάτη.

204 2169 382 2221 Paris.
435 2169 626 2232 1217:
677 2169 758 2218 διὸ
813 2167 1058 2230 ἀξιῶ...,
1109 2166 1201 2217 ἐὰν
1259 2167 1525 2229 φαίνηται,
1583 2165 1836 2217 συντάξαι
1879 2147 2007 2227 τοῖς.
2031 2166 2175 2228 παρά

309 2270 412 2309 σου
453 2260 518 2322 μὴ
559 2258 808 2325 κῳλυ[ειν
832 2299 839 2308 .
863 2299 872 2308 .
896 2298 904 2305 .

203 2349 330 2400 ibid.
374 2351 449 2413 13,
471 2349 558 2400 22:
613 2348 739 2401 ἀξιῶ
775 2347 887 2409 οὖν,
926 2347 1018 2398 ἐὰν
1059 2347 1326 2411 φαίνηται,
1377 2346 1726 2398 συντάξαι...
1767 2345 2174 2406 συναναγκάσαι

202 2439 332 2490 ibid.
370 2441 449 2502 37,
488 2440 574 2490 47;
626 2439 752 2490 ἀξιῶ
804 2437 916 2498 οὖν,
967 2437 1059 2487 ἐὰν
1111 2436 1376 2500 φαίνηται,
1428 2437 1493 2499 μή
1535 2435 1803 2498 ὑπεριδεῖν
1844 2451 1996 2497 με...
2037 2434 2174 2485 ἀλλὰ

307 2531 558 2581 συντάξαι
596 2531 931 2590 καταστῆσαι

204 2619 389 2671 Vatic.
415 2619 512 2682 IV,
550 2633 681 2684 pag.
720 2619 832 2681 445,
866 2618 947 2669 18:
987 2616 1113 2669 ἀξιῶ
1145 2615 1242 2666 οὖν
1272 2628 1335 2666 σε
1364 2616 1617 2666 συντάξαι
1642 2614 1846 2677 γράψαι
1873 2613 2170 2679 Μενεδήμῳ

303 2713 377 2776 τῷ
415 2708 559 2771 παρά
598 2720 828 2759 σου
867 2706 1233 2768 ἑπαναγκάσαι
1271 2706 1350 2770 (Ξ
1377 2705 1554 2756 Paris,
1591 2706 1671 2767 36,
1704 2705 1799 2768 18).

208 2798 389 2849 Vatie.
416 2799 473 2850 V
498 2813 629 2863 pag.
656 2798 776 2849 603:
815 2796 1060 2859 ἀξιοῦμεν
1089 2807 1153 2845 σε
1179 2796 1262 2844 καὶ
1288 2794 1343 2844 ἐν
1370 2794 1581 2855 τούτοις
1608 2793 1731 2855 ἡμῖν
1761 2792 2172 2855 συνεργήσαντα

306 2886 559 2939 συντάξαι
581 2927 589 2936 .
612 2927 621 2936 .
643 2928 652 2936 .
675 2927 685 2938 .
726 2886 1041 2937 ἀποδοῦναι.

205 2975 364 3028 Tebt.
401 2976 438 3035 I,
476 2977 555 3036 30,
587 2977 669 3027 19:
710 2975 836 3026 ἀξιῶ
875 2974 1129 3025 συντάξαι
1163 2974 1366 3036 γράψαι
1404 2970 1747 3036 Ἀπολλωνίῳ
1787 2970 2012 3034 (eadem
2049 2970 2171 3021 fere

305 3067 487 3117 verba
522 3068 812 3131 leguntur:
850 3065 1010 3116 Tebt.
1049 3065 1185 3129 Pap.
1223 3064 1259 3126 I,
1287 3064 1366 3126 31,
1400 3064 1481 3127 19;
1519 3061 1648 3111 ibid.
1687 3061 1765 3122 40,
1798 3062 1894 3134 13).

206 3154 463 3206 Grenfell
513 3155 626 3206 and
672 3155 830 3206 Hunt
866 3155 902 3217 I,
945 3155 1019 3217 15,
1047 3155 1078 3204 4
1127 3152 1445 3220 [ἀξιοῦμεν1)
1492 3149 1608 3217 οὗν]
1665 3149 1756 3199 ἐὰν
1814 3148 2138 3212 φαίνηται..

310 3243 561 3295 συντάξαι
596 3243 812 3306 γράψαι.

206 3390 280 3429 per
300 3378 505 3424 nuntium,
527 3378 646 3428 quasi
671 3390 826 3428 regem,
852 3377 956 3415 adiri
983 3390 1076 3416 eum
1106 3374 1247 3415 aiunt'.
1288 3375 1354 3416 Cf.
1378 3375 1607 3415 Callistrat.
1637 3373 1788 3423 digest.
1815 3381 1875 3418 42,
1901 3381 1930 3416 1,
1954 3381 2020 3419 33:
2050 3371 2169 3409 divus

206 3451 446 3490 Hadrianus
484 3451 621 3490 aditus
650 3464 726 3503 per
753 3452 941 3490 libellum
971 3465 995 3490 a
1024 3451 1128 3490 Iulio
1159 3451 1391 3489 Terentino
1424 3449 1681 3499 (Thesaurus
1711 3448 1810 3497 ling.
1841 3446 1909 3484 lat.
1941 3446 1968 3493 Ι,
2004 3456 2033 3492 1,
2064 3445 2168 3494 621).

207 3525 524 3567 Conferendum
557 3538 650 3563 esse
679 3526 807 3566 Arist.
837 3527 941 3567 πολ.
969 3523 1125 3577 Ἀθην.
1156 3525 1308 3571 XVIII,
1340 3533 1361 3572 3
1392 3523 1488 3562 Keil
1518 3535 1585 3561 me
1617 3528 1776 3562 monet.

386 3600 415 3649 ¹)
447 3597 645 3650 [δεόμεθ’
677 3598 778 3650 οὖν]
811 3599 1001 3638 Grenfell
1031 3606 1072 3638 et
1101 3600 1218 3637 Hunt
1251 3598 1484 3649 [ἀξιοῦμεν
1516 3596 1615 3646 οὖν]
1650 3608 1741 3645 ego.
