2496 3996
488 294 556 333 De
583 293 749 332 mendis
779 288 1022 342 scribarum,
1054 277 1161 345 quae
1190 295 1233 333 in
1261 295 1537 346 praescriptis
1569 295 1952 347 deprehenduntur.
2141 285 2207 335 35

242 436 445 488 animis
497 435 817 486 scribarum
867 435 1189 487 inhaesisse
1235 443 1513 501 oporteat,
1570 438 1758 502 potius
1801 439 1859 489 id
1893 439 2204 503 mirabitur,

242 526 396 592 quod
450 539 568 581 non
625 524 857 596 saepius
915 526 1062 599 haec
1121 532 1314 576 errata
1372 525 1806 591 deprehendere
1842 528 2006 578 nobis
2058 529 2205 592 licet,

242 623 415 683 quam
450 614 756 676 recusabit,
793 629 866 665 ne
903 629 974 665 ea
1011 614 1385 666 emendemus
1398 616 1453 679 1).

418 703 479 769 b)
501 703 735 755 Maioris
759 704 1036 754 momenti
1061 706 1304 755 alterum
1331 714 1516 770 genus
1541 705 1884 756 mendorum
1906 721 2036 757 esse
2056 707 2209 758 vide-

239 800 346 858 tur,
386 807 631 859 quorum
666 807 844 844 unum
881 795 1210 858 exemplum
1246 794 1419 844 modo
1459 794 1854 858 cognovimUS,
1891 796 1988 846 ubi
2020 797 2208 847 scriba

238 881 550 934 formulam
597 882 762 948 quasi
810 883 1132 934 obsoletam
1169 883 1492 935 conditione
1527 898 1722 935 rerum
1756 883 2059 936 immutata
2094 901 2209 936 ser-

240 971 416 1023 vavit.
511 971 617 1023 Cui
677 973 943 1037 exemplo
1014 973 1125 1023 hoc
1192 974 1437 1024 alterum
1496 973 1668 1024 addo:
1728 973 1864 1024 Inde
1925 974 1996 1024 ab
2058 989 2207 1025 anno

245 1061 334 1112 151
376 1075 425 1113 a.
461 1061 593 1112 Chr.
638 1076 821 1127 usque
866 1062 940 1113 ad
986 1069 1233 1113 mortem
1279 1062 1596 1114 Ptolemaei
1635 1063 1716 1114 VI
1769 1063 1950 1114 series
2003 1078 2209 1129 regum

242 1158 714 1202 consecratorum
763 1150 822 1201 in
874 1151 962 1202 his
1014 1151 1343 1202 finiebatur:
1405 1153 1517 1202 θεοὶ
1559 1152 1877 1215 Ἐπιφανεῑς
1925 1154 2002 1218 (=
2027 1154 2210 1204 Ptole-

241 1255 443 1311 maeus
469 1241 526 1293 V
562 1256 693 1292 cum
728 1241 934 1306 uxore)
964 1270 1024 1276 -—
1053 1241 1178 1303 θεὸς
1206 1241 1465 1305 Εὐπάτωρ
1494 1243 1572 1308 (=
1598 1242 1966 1293 Ptolemaeus
1992 1243 2119 1308 VH)
2148 1275 2210 1278 —

242 1331 354 1382 θεοὶ
409 1330 777 1393 Φιλομήτορες
814 1332 890 1395 (=
916 1331 1283 1382 Ptolemaeus
1320 1331 1402 1383 VI
1438 1347 1570 1383 cum
1606 1333 1883 1398 uxore)2).

422 1419 531 1484 Qui
568 1420 710 1471 ordo
746 1420 1044 1472 nominum
1081 1421 1256 1472 etiam
1291 1436 1397 1486 per
1433 1421 1654 1487 aliquos
1689 1438 1871 1473 annos
1905 1431 2038 1488 post
2062 1438 2211 1474 mor-

239 1517 360 1562 tem
395 1509 800 1561 Philometoris
838 1510 979 1576 (145)
1019 1519 1399 1563 conservatus
1437 1519 1525 1563 est
1560 1520 1622 1563 ut
1656 1512 1714 1563 in
1748 1528 1972 1578 papyro
2000 1514 2209 1564 demot.

239 1599 428 1651 Berol.
465 1600 599 1651 3090
636 1601 828 1665 (nouv.
868 1600 1078 1651 chrest.
1118 1601 1326 1652 demot.
1353 1616 1485 1667 pag.
1512 1602 1578 1653 32
1603 1617 1724 1668 sqq.
1753 1624 1807 1640 =
1833 1603 2212 1668 Spiegelberg

240 1704 373 1755 pag.
415 1689 496 1755 12)
534 1689 748 1755 scripto
788 1705 939 1741 anno
983 1691 1174 1753 141s40,
1220 1698 1276 1741 et
1310 1691 1367 1741 in
1403 1707 1628 1757 papyro
1666 1693 1827 1743 Tebt.
1864 1693 1901 1756 I,
1941 1694 1986 1756 6,
2023 1708 2109 1744 vs,
2151 1694 2211 1744 19

241 1779 454 1845 scripto
503 1776 694 1843 140s39,
734 1795 904 1845 quem
959 1781 1209 1832 editores
1259 1789 1417 1832 recte
1462 1784 1892 1848 suppleverunt.
1972 1783 2051 1834 At
2096 1783 2210 1834 iam

163 1886 169 1887 ⁷
241 1885 392 1922 anno
433 1869 602 1927 142141
645 1870 786 1920 ordo
822 1871 1088 1921 inversus
1123 1871 1570 1936 deprehenditur
1593 1872 1650 1923 in
1674 1887 1898 1938 papyro
1925 1873 2209 1924 demotico

240 1958 427 2011 Berol.
471 1959 604 2010 3113
649 1964 840 2024 (nouv.
886 1960 1094 2011 chrest.
1141 1960 1286 2011 dem.
1331 1974 1464 2025 pag.
1502 1962 1566 2011 65
1603 1976 1724 2026 sqq.
1754 1983 1807 1998 =
1833 1961 2211 2029 Spiegelberg

241 2062 372 2114 pag.
403 2048 507 2112 11):
545 2049 736 2113 priore
773 2050 900 2099 loco
924 2048 1252 2100 nominatur
1279 2049 1615 2112 Φιλομήτωρ,
1648 2051 1902 2101 secundo
1932 2050 2206 2116 Εὐπάτωρ,

241 2152 414 2204 quarn
468 2137 678 2188 seriem
730 2146 862 2203 post
916 2153 1128 2189 annum
1170 2139 1264 2189 139
1306 2139 1362 2188 in
1407 2139 1670 2189 omnibus
1707 2140 1944 2204 papyris
1982 2156 2208 2193 conser-

238 2235 438 2279 vatam
474 2242 605 2278 esse
642 2228 731 2278 his
768 2228 1048 2292 exemplis
1086 2229 1385 2293 probatur:

277 2318 317 2369 1.
355 2317 616 2369 Grenfell
653 2318 766 2369 and
801 2318 961 2369 Hunt
996 2318 1056 2381 II,
1088 2319 1149 2368 15
1185 2318 1433 2383 scriptus
1475 2319 1727 2383 1391383).

271 2408 318 2460 2.
355 2408 565 2473 Papyr.
603 2408 812 2459 demot.
849 2407 1035 2458 Berol.
1061 2407 1195 2458 3098
1228 2408 1335 2472 (ed.
1362 2407 1742 2473 Spiegelberg
1766 2423 1819 2473 p.
1851 2409 1931 2472 11)
1958 2410 2205 2474 scriptus

419 2512 569 2548 anno
611 2498 810 2558 137136.

271 2587 317 2639 3.
355 2587 564 2652 Papyr.
602 2587 812 2638 demot.
850 2587 1036 2638 Berol.
1074 2587 1207 2638 3080
1244 2587 1351 2652 (ed.
1379 2587 1758 2653 Spiegelberg
1782 2603 1834 2653 p.
1866 2589 1926 2639 13
1952 2609 2007 2626 z
2033 2604 2203 2640 nouV.

418 2677 626 2728 chrest.
665 2691 797 2742 pag.
841 2677 954 2740 157)
993 2676 1241 2742 scriptus
1283 2675 1480 2733 134s33.

419 2832 450 2880 ¹)
479 2831 643 2870 Eodem
672 2832 801 2871 modo
832 2832 921 2871 sive
951 2832 1074 2884 culpa
1100 2832 1311 2884 lapicidae
1342 2834 1433 2871 sive
1463 2845 1603 2870 errore
1624 2833 1827 2871 Pocockii
1849 2834 1891 2871 in
1911 2833 2043 2872 altero
2064 2832 2205 2871 indice

239 2904 555 2944 Seleucidarum
584 2906 653 2956 (C.
674 2906 704 2944 Ι.
724 2906 796 2950 Gr.
825 2906 941 2958 4458)
967 2906 1195 2957 Σέλευκος
1218 2906 1484 2957 Καλλίνικος
1506 2914 1604 2958 post
1622 2905 1867 2958 Ἀντίοχον
1890 2906 2001 2948 Θεόν
2023 2909 2204 2946 omissus

239 2987 304 3019 est
334 2980 407 3030 (cf.
435 2980 750 3032 Dittenberger,
780 2982 970 3032 inscript.
1000 2982 1148 3021 orient.
1179 2981 1207 3029 Ι,
1238 2989 1311 3031 245
1342 2982 1436 3020 adn.
1471 2984 1544 3031 19),

412 3055 446 3105 ²)
478 3054 546 3097 Cf,
574 3055 673 3094 Ath.
701 3055 810 3093 Mitt.
839 3055 924 3094 XX
952 3068 1046 3106 pag.
1064 3065 1138 3104 343
1161 3055 1254 3094 adn.
1277 3063 1318 3105 53
1348 3068 1494 3106 papyr.
1525 3055 1635 3094 dem.
1655 3055 1830 3107 Argent.
1849 3069 1889 3108 p.
1912 3066 1980 3104 21;
2012 3056 2204 3095 Grenfell

239 3129 321 3168 and
349 3129 468 3168 Hunt
496 3130 525 3177 I,
551 3139 608 3171 12.
644 3129 831 3180 Papyrus
861 3129 1099 3167 demoticus
1121 3129 1301 3180 scriptus
1323 3141 1432 3167 anno
1467 3136 1550 3179 152,
1572 3131 1613 3168 in
1634 3143 1717 3181 quo
1738 3131 1996 3182 Eupatorem
2018 3144 2204 3170 comme-

238 3204 392 3242 morari
423 3203 595 3248 Griffith
625 3204 683 3253 (P,
714 3203 836 3246 Tebt.
867 3204 896 3251 I,
927 3207 1017 3254 551)
1046 3210 1235 3251 testatur,
1265 3204 1452 3242 nondum
1481 3205 1639 3256 publici
1665 3205 1770 3256 juris
1799 3206 1937 3244 factus
1969 3213 2046 3244 est.

411 3276 443 3327 3)
474 3277 742 3328 Quamquam
771 3278 956 3316 editores
987 3278 1213 3317 adnotant:
1246 3279 1457 3330 »Eupator
1486 3280 1521 3317 is
1540 3308 1548 3317 .
1569 3311 1600 3322 ,.
1631 3279 1866 3330 misplaced
1895 3280 1937 3317 in
1967 3279 2037 3318 the
2066 3279 2136 3318 list
2158 3280 2206 3318 of

238 3351 481 3399 Ptolemies,
524 3351 653 3404 being
696 3352 903 3391 confused
933 3352 1033 3391 with
1071 3352 1318 3404 Philopator
1346 3353 1501 3400 Neos«,
1549 3362 1690 3392 tamen
1719 3361 1865 3393 nostra
1903 3354 2201 3394 dissertatione

235 3426 450 3478 probatur,
492 3426 603 3465 hunc
644 3427 836 3466 ordinem
875 3428 1094 3466 nominum
1135 3426 1394 3477 respondere
1436 3428 1528 3465 usui
1567 3429 1655 3466 eius
1695 3430 1859 3475 aetatis,
1900 3441 1982 3480 qua
2018 3442 2200 3481 papyrus

237 3503 417 3554 scriptus
457 3508 534 3540 est.
585 3502 834 3553 Philopator
870 3502 987 3540 Neos
1025 3514 1135 3540 anno
1176 3499 1314 3550 139138
1342 3502 1384 3540 in
1424 3501 1587 3540 caelum
1636 3503 1977 3542 Ptolemaeorum
2014 3504 2201 3543 nondum

238 3584 433 3628 receptus
464 3583 564 3617 erat.

1934 3667 1988 3715 3*
