2496 3996
792 255 859 292 De
888 266 1012 292 versu
1042 260 1102 303 52.
1131 253 1425 303 inscriptionis
1456 252 1656 302 Syenitis.
2147 240 2211 290 25

245 399 582 452 referantur.
631 396 894 461 Denique
933 395 1007 445 ad
1037 394 1190 444 idem
1216 393 1550 444 deducimur
1575 394 1633 444 vi
1660 402 1714 444 et
1741 396 2024 446 sententia
2051 396 2212 446 vocis

245 487 678 544 κατακολουθεῖν,
728 499 902 549 quam
944 484 1148 534 melius
1186 482 1438 533 sermoni
1474 482 1628 546 regis
1667 498 1840 547 quam
1877 485 2210 548 pontificum

242 575 596 655 respondere
643 573 850 625 Strack
896 573 1059 624 vidit.
1131 573 1293 637 Quae
1349 587 1478 622 cum
1532 572 1610 622 ita
1666 572 1792 634 sint,
1848 588 2088 625 necesse
2127 582 2214 625 est

11 683 27 730 χ
82 737 91 744 ἡ
147 651 571 730 Tfragmenta
624 678 830 714 versus
883 663 949 713 52
1000 663 1154 714 idem
1208 669 1616 727 argumentum
1670 662 2004 713 exhibuisse
2043 671 2214 728 atque

243 767 451 805 versus
487 753 567 815 31,
621 767 807 817 neque
857 753 1066 813 dubito,
1123 751 1271 816 quin,
1321 765 1469 816 quae
1517 750 1724 801 Strack
1774 751 1843 801 de
1894 753 2004 802 hoc
2040 768 2216 803 versu

246 842 451 906 docuit,
491 843 754 894 omnibus
791 844 1037 908 probata
1073 842 1183 898 sint
1221 842 1312 906 (cf.
1347 841 1771 905 Dittenberger,
1808 841 1976 892 inscr.
2017 842 2214 892 orient.

245 934 290 996 1,
325 934 420 985 168
457 934 584 984 adn.
623 933 724 997 45).

424 1024 621 1088 Itaque
683 1022 955 1087 lapicida,
1027 1030 1090 1073 ut
1145 1022 1203 1072 in
1256 1037 1308 1072 v.
1359 1022 1439 1083 31,
1512 1020 1591 1070 ita
1644 1020 1702 1070 in
1754 1036 1806 1070 v.
1859 1020 1924 1070 52
1980 1021 2218 1071 adnotat

247 1113 568 1179 epistulam,
630 1127 777 1178 quae
834 1099 1032 1163 libello¹
1073 1112 1323 1162 adiecta.
1362 1117 1501 1172 erat,
1551 1125 1585 1160 a
1630 1124 1692 1183 se
1753 1110 1868 1160 iam
1928 1118 2098 1161 antea
2142 1111 2220 1161 in-

248 1203 427 1255 cisam
465 1217 608 1252 esse.
700 1201 828 1265 Qua
879 1201 1052 1266 igitur
1104 1202 1174 1252 de
1228 1199 1474 1265 epistula
1528 1199 1750 1264 agitur?
1832 1200 1990 1262 ParS,
2047 1215 2220 1264 quarn

245 1293 436 1344 littera
489 1307 521 1343 c
575 1290 1055 1357 significavimus,
1133 1305 1248 1340 non
1321 1296 1407 1339 est
1484 1288 1720 1353 propria
1787 1289 2054 1354 epistula,
2116 1291 2222 1340 sed

246 1380 497 1443 ἔντευξις,
550 1389 608 1432 at
668 1389 724 1432 et
761 1381 830 1431 de
877 1381 1136 1445 partibus
1172 1381 1207 1430 b
1234 1380 1290 1437 ÷
1318 1395 1348 1429 c
1376 1380 1454 1444 (Σ
1481 1379 1729 1444 epistula
1772 1378 1927 1444 regis
1966 1379 2039 1430 ad
2076 1380 2220 1430 Her-

246 1479 565 1523 mocratem
613 1472 769 1537 data)
818 1479 874 1522 et
926 1472 996 1522 de
1042 1470 1301 1535 partibus
1340 1484 1375 1520 a
1399 1471 1456 1526 -l—
1480 1470 1515 1520 b
1541 1467 1600 1527 -1-
1625 1484 1656 1519 6
1683 1468 1758 1532 (=
1786 1468 2031 1533 epistula
2067 1469 2222 1534 regis

247 1560 644 1613 sacerdotibus
691 1560 966 1626 inscripta
1002 1559 1072 1611 cf.
1105 1575 1158 1625 p.
1199 1560 1259 1610 21
1303 1562 1447 1624 sqq.)
1495 1559 1641 1609 haec
1674 1551 1859 1608 verba*
1892 1557 2049 1609 facta
2086 1573 2220 1609 esse

247 1658 504 1716 possunt.
591 1650 740 1701 Nam
789 1658 844 1701 et
891 1651 925 1701 b
952 1650 1009 1707 ΛΓ
1036 1666 1066 1700 6
1103 1658 1159 1700 et
1197 1664 1230 1700 a
1256 1649 1313 1706 ἦ-
1337 1649 1372 1699 b
1400 1649 1457 1705 Ar
1483 1664 1513 1698 6
1560 1663 1706 1698 voce
1768 1648 2049 1713 epistulae
2115 1649 2223 1714 sig-

248 1741 470 1793 nificari
505 1748 763 1806 possunt.
803 1745 806 1749 ’
1416 1722 1418 1727 ’

424 1831 767 1897 Priusquam
803 1832 953 1882 hanc
990 1830 1388 1896 quaestionem
1423 1837 1682 1891 tractem,
1723 1845 1753 1880 e
1791 1845 1854 1880 re
1890 1829 2027 1880 mihi
2053 1823 2217 1879 'vide-

248 1928 341 1972 tur
385 1935 514 1972 esse
550 1937 604 1971 V.
647 1922 708 1971 51
751 1922 1036 1986 supplere.
1121 1920 1416 1985 Reliquiae
1461 1934 1609 1984 quae
1648 1926 1878 1970 exstant
1932 1919 2222 1979 ἐπιστολῆς

258 2009 589 2072 ἀντίγραφον
623 2009 891 2059 ὑπόκειται
923 2011 1094 2074 plane
1127 2008 1481 2074 respondent
1509 2008 1590 2058 eis
1615 2008 1824 2071 verbiS,
1853 2023 2000 2073 quae
2033 2008 2226 2072 priore

256 2101 383 2150 loco
421 2107 553 2150 ante
590 2100 792 2150 Verba:
832 2097 1119 2161 ὑπετάγηὴ
1154 2097 1468 2161 προκειμένη
1509 2096 1761 2158 ἐπιστολή
1802 2098 2092 2161 leguntur:
2132 2099 2226 2157 τῆς

257 2188 544 2250 ἐπιστολῆς
588 2188 984 2251 ὐποτετάχαμεν
1021 2188 1081 2238 τὸ
1121 2187 1453 2249 ἀντίγραφον
1501 2187 1605 2251 (VS.
1632 2186 1867 2249 27—30).
1928 2186 2126 2251 Itaque
2165 2193 2227 2236 ut

255 2278 313 2329 in
349 2293 524 2330 versu
560 2280 621 2330 31
664 2279 972 2329 adnotatur
1009 2293 1139 2328 earn
1172 2277 1492 2342 epistulam,
1521 2291 1693 2341 quam
1721 2282 1922 2326 auctor
1948 2275 2227 2340 epistulae

255 2383 342 2420 VS.
379 2368 446 2419 26
482 2383 603 2434 sqq.
652 2368 931 2433 promittit
968 2383 1050 2418 se>
1074 2366 1226 2418 infra
1271 2366 1597 2417 additurum
1643 2380 1789 2428 esse,
1834 2365 2022 2430 ipsam
2057 2365 2114 2415 in
2149 2365 2226 2415 in-

258 2457 568 2523 scriptione
614 2472 730 2508 non
778 2457 976 2522 repeti,
1026 2457 1130 2508 sed
1175 2456 1290 2507 iam
1340 2463 1512 2505 antea
1561 2461 1791 2505 exstare
1848 2455 1953 2518 (Vs.
1995 2454 2227 2517 15-25),

259 2547 464 2598 eodem
512 2547 685 2597 modo
735 2546 793 2596 in
838 2561 1015 2598 versu
1050 2545 1116 2596 52
1166 2546 1474 2595 adnotatur
1520 2543 1826 2608 epistulam
1863 2558 2026 2609 quae,
2066 2543 2114 2593 si
2149 2543 2227 2593 in-

259 2627 492 2702 scriptio
547 2644 819 2687 accurate
874 2635 1254 2701 responderet
1301 2633 1482 2684 ordini
1532 2633 1841 2696 titulorum,
1889 2632 2039 2682 infra
2078 2632 2230 2698 (post

257 2741 311 2776 V.
348 2726 434 2789 51)
474 2726 660 2776 denuo
698 2725 1017 2791 repetenda
1054 2731 1224 2786 esset,
1261 2738 1378 2774 non
1414 2722 1612 2786 repeti,
1652 2722 1757 2772 sed
1790 2722 1907 2772 iam
1945 2729 2114 2772 antea
2153 2721 2229 2771 in—

261 2815 440 2867 cisam
479 2831 624 2866 esse.
891 2805 894 2809 ’

438 2906 736 2956 Hactenus
761 2920 846 2955 VS.
872 2906 932 2955 51
964 2913 1020 2955 et
1044 2904 1110 2954 52
1136 2901 1566 2954 accuratissime
1592 2901 1946 2966 respondent
1966 2900 2230 2952 versibus

259 2994 474 3058 26—31,
513 2995 662 3046 unde
695 2995 865 3046 facile
890 2993 1018 3044 fieri
1041 3000 1248 3058 potest,
1278 2999 1336 3042 ut
1362 2991 1688 3056 suspiceriS,
1716 2999 1836 3042 tam
1860 3006 1914 3041 v.
1940 2992 2000 3040 51
2033 3005 2066 3040 a
2091 2980 2229 3053 rege

261 3085 537 3150 scriptum
581 3100 726 3148 esse,
766 3099 940 3150 quam
985 3091 1115 3134 sunt
1159 3097 1242 3133 VS.
1280 3082 1495 3133 26—30.
1552 3081 1719 3144 Quod
1757 3096 1901 3132 cave
1947 3079 2228 3130 conicias:

261 3188 396 3224 nam
432 3174 487 3224 in
524 3175 790 3225 versibus
834 3174 1036 3224 32—50
1080 3179 1272 3223 exstat
1309 3171 1555 3236 epistula
1591 3170 1747 3235 regis
1786 3171 1858 3221 ad
1897 3170 2230 3221 sacerdotes

263 3262 412 3324 data,
451 3263 507 3314 in
543 3279 629 3314 VS.
654 3264 854 3314 36—50
881 3263 1139 3313 eiusdem
1166 3261 1412 3326 epistula
1437 3258 1805 3311 Hermocrati
1842 3258 2070 3322 scripta.
2099 3258 2231 3307 Ter-

261 3351 398 3402 tiam
447 3358 640 3403 autem
690 3351 995 3416 epistulam
1039 3351 1109 3401 de
1156 3350 1252 3400 illa
1297 3365 1359 3399 re
1408 3364 1513 3399 rex
1557 3348 1808 3399 scribere
1854 3362 1968 3397 non
2017 3346 2229 3411 potuit:

261 3456 448 3506 neque
498 3449 788 3506 strategus
837 3455 1023 3505 neque
1073 3439 1137 3500 ei,
1198 3438 1294 3503 qui
1347 3437 1680 3502 petitionem
1735 3436 2026 3497 miserant,
2075 3436 2230 3499 igno-

264 3539 565 3582 raverunt*
595 3545 796 3595 regem
851 3529 1184 3594 petitionem
1245 3526 1750 3591 comprobavisse:
1814 3526 1886 3576 ad
1941 3526 2082 3576 alios
2138 3541 2230 3575 res
