<?xml version="1.0" encoding="UTF-8"?>
<!DOCTYPE html PUBLIC "-//W3C//DTD XHTML 1.0 Transitional//EN"
    "http://www.w3.org/TR/xhtml1/DTD/xhtml1-transitional.dtd">
<html xmlns="http://www.w3.org/1999/xhtml" xml:lang="en" lang="en">
 <head>
  <title>
</title>
<meta http-equiv="Content-Type" content="text/html;charset=utf-8" />
  <meta name='ocr-system' content='tesseract 3.04.00' />
  <meta name='ocr-capabilities' content='ocr_page ocr_carea ocr_par ocr_line ocrx_word'/>
</head>
<body>
  <div class='ocr_page' id='page_1' title='image "./quaestionesepigr00laquuoft_0055.png"; bbox 0 0 2496 3996; ppageno 0'>
   <div class='ocr_carea' id='block_1_1' title="bbox 936 277 2216 339">
    <p class='ocr_par' dir='ltr' id='par_1_1' title="bbox 936 277 2216 339">
     <span class='ocr_line' id='line_1_1' title="bbox 936 277 2216 339; baseline 0 -13"><span class='ocrx_word' id='word_1_1' title='bbox 936 288 1004 326; x_wconf 94' lang='lat' dir='ltr'>De</span> <span class='ocrx_word' id='word_1_2' title='bbox 1033 287 1281 327; x_wconf 84' lang='lat' dir='ltr'>Ptolemaeo</span> <span class='ocrx_word' id='word_1_3' title='bbox 1311 288 1536 339; x_wconf 80' lang='lat' dir='ltr'>Eupatore‚</span> <span class='ocrx_word' id='word_1_4' title='bbox 2153 277 2216 326; x_wconf 82' lang='grc'>47</span> 
     </span>
    </p>
   </div>
   <div class='ocr_carea' id='block_1_2' title="bbox 183 429 2289 2828">
    <p class='ocr_par' dir='ltr' id='par_1_2' title="bbox 198 429 2283 943">
     <span class='ocr_line' id='line_1_2' title="bbox 257 429 2283 498; baseline -0.001 -13"><span class='ocrx_word' id='word_1_5' title='bbox 257 434 707 498; x_wconf 84' lang='lat' dir='ltr'>disappearance</span> <span class='ocrx_word' id='word_1_6' title='bbox 743 430 895 480; x_wconf 80' lang='lat' dir='ltr'>from</span> <span class='ocrx_word' id='word_1_7' title='bbox 931 430 1029 480; x_wconf 90' lang='lat' dir='ltr'>the</span> <span class='ocrx_word' id='word_1_8' title='bbox 1069 430 1233 480; x_wconf 89' lang='lat' dir='ltr'>dates</span> <span class='ocrx_word' id='word_1_9' title='bbox 1268 429 1324 480; x_wconf 91' lang='lat' dir='ltr'>in</span> <span class='ocrx_word' id='word_1_10' title='bbox 1351 438 1640 480; x_wconf 89' lang='lat' dir='ltr'>contracts</span> <span class='ocrx_word' id='word_1_11' title='bbox 1669 430 1728 480; x_wconf 77' lang='lat' dir='ltr'>of</span> <span class='ocrx_word' id='word_1_12' title='bbox 1751 431 1848 480; x_wconf 89' lang='lat' dir='ltr'>the</span> <span class='ocrx_word' id='word_1_13' title='bbox 1874 432 2020 482; x_wconf 87' lang='lat' dir='ltr'>later</span> <span class='ocrx_word' id='word_1_14' title='bbox 2043 446 2217 495; x_wconf 85' lang='lat' dir='ltr'>years</span> <span class='ocrx_word' id='word_1_15' title='bbox 2281 479 2283 481; x_wconf 83' lang='lat'>.</span> 
     </span>
     <span class='ocr_line' id='line_1_3' title="bbox 255 518 2218 586; baseline -0.002 -11"><span class='ocrx_word' id='word_1_16' title='bbox 255 523 315 575; x_wconf 83' lang='lat' dir='ltr'>of</span> <span class='ocrx_word' id='word_1_17' title='bbox 341 521 706 582; x_wconf 79' lang='lat' dir='ltr'>Philometor,</span> <span class='ocrx_word' id='word_1_18' title='bbox 745 519 987 586; x_wconf 85' lang='lat' dir='ltr'>coupled</span> <span class='ocrx_word' id='word_1_19' title='bbox 1023 518 1164 569; x_wconf 86' lang='lat' dir='ltr'>With</span> <span class='ocrx_word' id='word_1_20' title='bbox 1199 519 1299 569; x_wconf 90' lang='lat' dir='ltr'>the</span> <span class='ocrx_word' id='word_1_21' title='bbox 1334 518 1619 569; x_wconf 88' lang='lat' dir='ltr'>retention</span> <span class='ocrx_word' id='word_1_22' title='bbox 1655 519 1715 569; x_wconf 81' lang='lat' dir='ltr'>of</span> <span class='ocrx_word' id='word_1_23' title='bbox 1749 521 1846 570; x_wconf 88' lang='lat' dir='ltr'>the</span> <span class='ocrx_word' id='word_1_24' title='bbox 1883 520 2218 585; x_wconf 88' lang='lat' dir='ltr'>priesthood</span> 
     </span>
     <span class='ocr_line' id='line_1_4' title="bbox 253 608 2219 674; baseline -0.002 -11"><span class='ocrx_word' id='word_1_25' title='bbox 253 611 315 663; x_wconf 64' lang='grc' dir='ltr'>οἱ</span> <span class='ocrx_word' id='word_1_26' title='bbox 346 611 617 674; x_wconf 88' lang='lat' dir='ltr'>Eupator‚</span> <span class='ocrx_word' id='word_1_27' title='bbox 670 608 949 659; x_wconf 89' lang='lat' dir='ltr'>indicates</span> <span class='ocrx_word' id='word_1_28' title='bbox 985 608 1075 658; x_wconf 88' lang='lat' dir='ltr'>his</span> <span class='ocrx_word' id='word_1_29' title='bbox 1124 609 1286 672; x_wconf 88' lang='lat' dir='ltr'>early</span> <span class='ocrx_word' id='word_1_30' title='bbox 1333 608 1521 670; x_wconf 88' lang='lat' dir='ltr'>death,</span> <span class='ocrx_word' id='word_1_31' title='bbox 1571 609 1708 672; x_wconf 89' lang='lat' dir='ltr'>long</span> <span class='ocrx_word' id='word_1_32' title='bbox 1754 608 1953 659; x_wconf 79' lang='lat' dir='ltr'>before</span> <span class='ocrx_word' id='word_1_33' title='bbox 1997 610 2124 660; x_wconf 90' lang='lat' dir='ltr'>that</span> <span class='ocrx_word' id='word_1_34' title='bbox 2159 609 2219 660; x_wconf 80' lang='lat' dir='ltr'>of</span> 
     </span>
     <span class='ocr_line' id='line_1_5' title="bbox 250 697 2216 761; baseline -0.001 -10"><span class='ocrx_word' id='word_1_35' title='bbox 250 699 340 752; x_wconf 88' lang='lat' dir='ltr'>his</span> <span class='ocrx_word' id='word_1_36' title='bbox 374 698 581 749; x_wconf 83' lang='lat' dir='ltr'>father.</span> <span class='ocrx_word' id='word_1_37' title='bbox 638 698 687 748; x_wconf 83' lang='lat' dir='ltr'>If</span> <span class='ocrx_word' id='word_1_38' title='bbox 721 697 834 749; x_wconf 90' lang='lat' dir='ltr'>this</span> <span class='ocrx_word' id='word_1_39' title='bbox 870 697 1022 748; x_wconf 82' lang='lat' dir='ltr'>view</span> <span class='ocrx_word' id='word_1_40' title='bbox 1056 697 1104 748; x_wconf 91' lang='lat' dir='ltr'>is</span> <span class='ocrx_word' id='word_1_41' title='bbox 1142 706 1380 759; x_wconf 86' lang='lat' dir='ltr'>correct,</span> <span class='ocrx_word' id='word_1_42' title='bbox 1418 697 1517 747; x_wconf 90' lang='lat' dir='ltr'>the</span> <span class='ocrx_word' id='word_1_43' title='bbox 1555 704 1717 761; x_wconf 86' lang='lat' dir='ltr'>story</span> <span class='ocrx_word' id='word_1_44' title='bbox 1753 697 1813 747; x_wconf 81' lang='lat' dir='ltr'>of</span> <span class='ocrx_word' id='word_1_45' title='bbox 1846 698 1944 748; x_wconf 89' lang='lat' dir='ltr'>the</span> <span class='ocrx_word' id='word_1_46' title='bbox 1978 699 2216 749; x_wconf 88' lang='lat' dir='ltr'>assassi-</span> 
     </span>
     <span class='ocr_line' id='line_1_6' title="bbox 248 786 2219 851; baseline -0.001 -12"><span class='ocrx_word' id='word_1_47' title='bbox 248 788 447 840; x_wconf 88' lang='lat' dir='ltr'>nation</span> <span class='ocrx_word' id='word_1_48' title='bbox 490 786 550 838; x_wconf 80' lang='lat' dir='ltr'>of</span> <span class='ocrx_word' id='word_1_49' title='bbox 596 802 631 838; x_wconf 93' lang='lat' dir='ltr'>a</span> <span class='ocrx_word' id='word_1_50' title='bbox 667 802 774 837; x_wconf 90' lang='lat' dir='ltr'>son</span> <span class='ocrx_word' id='word_1_51' title='bbox 811 786 871 837; x_wconf 81' lang='lat' dir='ltr'>of</span> <span class='ocrx_word' id='word_1_52' title='bbox 904 786 1254 837; x_wconf 81' lang='lat' dir='ltr'>Philometor</span> <span class='ocrx_word' id='word_1_53' title='bbox 1289 786 1368 850; x_wconf 84' lang='lat' dir='ltr'>by</span> <span class='ocrx_word' id='word_1_54' title='bbox 1403 786 1724 851; x_wconf 82' lang='lat' dir='ltr'>Euergetes</span> <span class='ocrx_word' id='word_1_55' title='bbox 1760 786 1807 836; x_wconf 93' lang='lat' dir='ltr'>II</span> <span class='ocrx_word' id='word_1_56' title='bbox 1841 786 1902 836; x_wconf 80' lang='lat' dir='ltr'>in&#39;</span> <span class='ocrx_word' id='word_1_57' title='bbox 1933 787 1994 838; x_wconf 83' lang='lat' dir='ltr'>B.</span> <span class='ocrx_word' id='word_1_58' title='bbox 2034 788 2093 838; x_wconf 90' lang='lat' dir='ltr'>C.</span> <span class='ocrx_word' id='word_1_59' title='bbox 2125 789 2219 838; x_wconf 76' lang='lat'>145</span> 
     </span>
     <span class='ocr_line' id='line_1_7' title="bbox 198 875 1164 943; baseline -0.002 -15"><span class='ocrx_word' id='word_1_60' title='bbox 198 918 209 925; x_wconf 62' lang='lat'><em>„</em></span> <span class='ocrx_word' id='word_1_61' title='bbox 248 878 297 928; x_wconf 92' lang='lat' dir='ltr'>is</span> <span class='ocrx_word' id='word_1_62' title='bbox 333 878 619 943; x_wconf 82' lang='lat' dir='ltr'>probably</span> <span class='ocrx_word' id='word_1_63' title='bbox 655 892 689 928; x_wconf 89' lang='lat' dir='ltr'>a</span> <span class='ocrx_word' id='word_1_64' title='bbox 725 892 885 927; x_wconf 87' lang='lat' dir='ltr'>mere</span> <span class='ocrx_word' id='word_1_65' title='bbox 920 875 1164 927; x_wconf 71' lang='lat' dir='ltr'>fiction«</span> 
     </span>
    </p>

    <p class='ocr_par' dir='ltr' id='par_1_3' title="bbox 183 965 2220 2557">
     <span class='ocr_line' id='line_1_8' title="bbox 428 965 2219 1032; baseline -0.001 -14"><span class='ocrx_word' id='word_1_66' title='bbox 428 968 592 1018; x_wconf 90' lang='lat' dir='ltr'>Haec</span> <span class='ocrx_word' id='word_1_67' title='bbox 635 974 992 1032; x_wconf 90' lang='lat' dir='ltr'>argumenta,</span> <span class='ocrx_word' id='word_1_68' title='bbox 1039 981 1187 1031; x_wconf 89' lang='lat' dir='ltr'>quae</span> <span class='ocrx_word' id='word_1_69' title='bbox 1237 973 1438 1016; x_wconf 88' lang='lat' dir='ltr'>contra</span> <span class='ocrx_word' id='word_1_70' title='bbox 1473 965 1866 1016; x_wconf 78' lang='lat' dir='ltr'>narrationem</span> <span class='ocrx_word' id='word_1_71' title='bbox 1914 966 2110 1016; x_wconf 87' lang='lat' dir='ltr'>Iustini</span> <span class='ocrx_word' id='word_1_72' title='bbox 2146 982 2219 1017; x_wconf 83' lang='lat' dir='ltr'>ex</span> 
     </span>
     <span class='ocr_line' id='line_1_9' title="bbox 248 1054 2219 1123; baseline -0.001 -15"><span class='ocrx_word' id='word_1_73' title='bbox 248 1057 620 1123; x_wconf 79' lang='lat' dir='ltr'>praescriptis</span> <span class='ocrx_word' id='word_1_74' title='bbox 664 1071 1019 1121; x_wconf 86' lang='lat' dir='ltr'>papyrorum</span> <span class='ocrx_word' id='word_1_75' title='bbox 1063 1056 1290 1120; x_wconf 89' lang='lat' dir='ltr'>prolata</span> <span class='ocrx_word' id='word_1_76' title='bbox 1325 1062 1472 1117; x_wconf 88' lang='lat' dir='ltr'>sunt,</span> <span class='ocrx_word' id='word_1_77' title='bbox 1516 1054 1655 1105; x_wconf 92' lang='lat' dir='ltr'>mihi</span> <span class='ocrx_word' id='word_1_78' title='bbox 1690 1056 1845 1105; x_wconf 93' lang='lat' dir='ltr'>nullo</span> <span class='ocrx_word' id='word_1_79' title='bbox 1883 1055 2055 1105; x_wconf 91' lang='lat' dir='ltr'>modo</span> <span class='ocrx_word' id='word_1_80' title='bbox 2092 1071 2219 1120; x_wconf 91' lang='lat' dir='ltr'>pro-</span> 
     </span>
     <span class='ocr_line' id='line_1_10' title="bbox 248 1144 2218 1212; baseline -0.002 -14"><span class='ocrx_word' id='word_1_81' title='bbox 248 1148 471 1198; x_wconf 82' lang='lat' dir='ltr'>bantur.</span> <span class='ocrx_word' id='word_1_82' title='bbox 542 1146 826 1212; x_wconf 86' lang='lat' dir='ltr'>Imprimis</span> <span class='ocrx_word' id='word_1_83' title='bbox 873 1146 1446 1197; x_wconf 90' lang='lat' dir='ltr'>commemorandum</span> <span class='ocrx_word' id='word_1_84' title='bbox 1494 1151 1583 1195; x_wconf 90' lang='lat' dir='ltr'>est</span> <span class='ocrx_word' id='word_1_85' title='bbox 1630 1144 1802 1195; x_wconf 89' lang='lat' dir='ltr'>etiam</span> <span class='ocrx_word' id='word_1_86' title='bbox 1849 1144 2218 1209; x_wconf 80' lang='lat' dir='ltr'>Iosephum1&gt;</span> 
     </span>
     <span class='ocr_line' id='line_1_11' title="bbox 249 1222 2219 1301; baseline -0.002 -14"><span class='ocrx_word' id='word_1_87' title='bbox 249 1236 473 1301; x_wconf 84' lang='lat' dir='ltr'>(contra</span> <span class='ocrx_word' id='word_1_88' title='bbox 516 1222 804 1301; x_wconf 78' lang='lat' dir='ltr'>Apionem</span> <span class='ocrx_word' id='word_1_89' title='bbox 838 1236 884 1286; x_wconf 91' lang='grc' dir='ltr'>ΙΙ</span> <span class='ocrx_word' id='word_1_90' title='bbox 921 1237 950 1300; x_wconf 62' lang='grc' dir='ltr'>ἓ</span> <span class='ocrx_word' id='word_1_91' title='bbox 985 1236 1071 1299; x_wconf 81' lang='grc'>51)</span> <span class='ocrx_word' id='word_1_92' title='bbox 1119 1234 1426 1286; x_wconf 83' lang='lat' dir='ltr'>tradidisse</span> <span class='ocrx_word' id='word_1_93' title='bbox 1469 1234 1866 1284; x_wconf 87' lang='lat' dir='ltr'>Ptolemaeum</span> <span class='ocrx_word' id='word_1_94' title='bbox 1910 1233 2039 1284; x_wconf 83' lang='lat' dir='ltr'>VIII</span> <span class='ocrx_word' id='word_1_95' title='bbox 2087 1241 2219 1298; x_wconf 91' lang='lat' dir='ltr'>post</span> 
     </span>
     <span class='ocr_line' id='line_1_12' title="bbox 247 1323 2219 1389; baseline -0.002 -12"><span class='ocrx_word' id='word_1_96' title='bbox 247 1334 495 1378; x_wconf 89' lang='lat' dir='ltr'>mortem</span> <span class='ocrx_word' id='word_1_97' title='bbox 547 1325 743 1376; x_wconf 80' lang='lat' dir='ltr'>fratris</span> <span class='ocrx_word' id='word_1_98' title='bbox 797 1340 928 1377; x_wconf 93' lang='lat' dir='ltr'>cum</span> <span class='ocrx_word' id='word_1_99' title='bbox 983 1325 1104 1376; x_wconf 90' lang='lat' dir='ltr'>eius</span> <span class='ocrx_word' id='word_1_100' title='bbox 1156 1324 1287 1375; x_wconf 82' lang='lat' dir='ltr'>filiis</span> <span class='ocrx_word' id='word_1_101' title='bbox 1338 1325 1552 1375; x_wconf 90' lang='lat' dir='ltr'>bellum</span> <span class='ocrx_word' id='word_1_102' title='bbox 1611 1324 1882 1389; x_wconf 82' lang='lat' dir='ltr'>gessisse,</span> <span class='ocrx_word' id='word_1_103' title='bbox 1947 1331 2037 1374; x_wconf 88' lang='lat' dir='ltr'>»ut</span> <span class='ocrx_word' id='word_1_104' title='bbox 2095 1323 2219 1388; x_wconf 92' lang='lat' dir='ltr'>ipse</span> 
     </span>
     <span class='ocr_line' id='line_1_13' title="bbox 246 1413 2220 1481; baseline -0.002 -15"><span class='ocrx_word' id='word_1_105' title='bbox 246 1423 492 1481; x_wconf 87' lang='lat' dir='ltr'>regnum</span> <span class='ocrx_word' id='word_1_106' title='bbox 543 1415 750 1466; x_wconf 89' lang='lat' dir='ltr'>iniuste</span> <span class='ocrx_word' id='word_1_107' title='bbox 803 1415 1029 1466; x_wconf 89' lang='lat' dir='ltr'>sibimet</span> <span class='ocrx_word' id='word_1_108' title='bbox 1065 1414 1431 1479; x_wconf 81' lang='lat' dir='ltr'>applicaret«.</span> <span class='ocrx_word' id='word_1_109' title='bbox 1503 1413 1771 1479; x_wconf 81' lang='lat' dir='ltr'>Sequitur</span> <span class='ocrx_word' id='word_1_110' title='bbox 1813 1413 1994 1464; x_wconf 84' lang='lat' dir='ltr'>filium</span> <span class='ocrx_word' id='word_1_111' title='bbox 2037 1413 2220 1463; x_wconf 89' lang='lat' dir='ltr'>Ptole-</span> 
     </span>
     <span class='ocr_line' id='line_1_14' title="bbox 246 1503 2219 1570; baseline -0.002 -14"><span class='ocrx_word' id='word_1_112' title='bbox 246 1506 398 1557; x_wconf 89' lang='lat' dir='ltr'>maei</span> <span class='ocrx_word' id='word_1_113' title='bbox 433 1505 513 1557; x_wconf 92' lang='lat' dir='ltr'>VI</span> <span class='ocrx_word' id='word_1_114' title='bbox 558 1520 622 1556; x_wconf 88' lang='lat' dir='ltr'>re</span> <span class='ocrx_word' id='word_1_115' title='bbox 669 1519 812 1556; x_wconf 91' lang='lat' dir='ltr'>vera</span> <span class='ocrx_word' id='word_1_116' title='bbox 859 1505 1199 1570; x_wconf 81' lang='lat' dir='ltr'>regnavisse</span> <span class='ocrx_word' id='word_1_117' title='bbox 1246 1512 1378 1569; x_wconf 91' lang='lat' dir='ltr'>post</span> <span class='ocrx_word' id='word_1_118' title='bbox 1421 1510 1669 1554; x_wconf 89' lang='lat' dir='ltr'>mortem</span> <span class='ocrx_word' id='word_1_119' title='bbox 1706 1503 1902 1568; x_wconf 80' lang='lat' dir='ltr'>patriS‚</span> <span class='ocrx_word' id='word_1_120' title='bbox 1949 1503 2219 1568; x_wconf 90' lang='lat' dir='ltr'>quoniam</span> 
     </span>
     <span class='ocr_line' id='line_1_15' title="bbox 246 1584 2219 1660; baseline -0.002 -14"><span class='ocrx_word' id='word_1_121' title='bbox 246 1595 614 1646; x_wconf 91' lang='lat' dir='ltr'>Ptolemaeus</span> <span class='ocrx_word' id='word_1_122' title='bbox 650 1595 779 1646; x_wconf 89' lang='lat' dir='ltr'>VIII</span> <span class='ocrx_word' id='word_1_123' title='bbox 825 1610 956 1646; x_wconf 91' lang='lat' dir='ltr'>eum</span> <span class='ocrx_word' id='word_1_124' title='bbox 992 1584 1173 1660; x_wconf 88' lang='lat' dir='ltr'>regno</span> <span class='ocrx_word' id='word_1_125' title='bbox 1212 1595 1503 1659; x_wconf 79' lang='lat' dir='ltr'>expellere</span> <span class='ocrx_word' id='word_1_126' title='bbox 1541 1593 1769 1644; x_wconf 87' lang='lat' dir='ltr'>studuit.</span> <span class='ocrx_word' id='word_1_127' title='bbox 1843 1593 1988 1643; x_wconf 90' lang='lat' dir='ltr'>Cum</span> <span class='ocrx_word' id='word_1_128' title='bbox 2026 1599 2219 1642; x_wconf 90' lang='lat' dir='ltr'>autem</span> 
     </span>
     <span class='ocr_line' id='line_1_16' title="bbox 245 1681 2219 1750; baseline -0.003 -13"><span class='ocrx_word' id='word_1_129' title='bbox 245 1686 419 1750; x_wconf 88' lang='lat' dir='ltr'>paulo</span> <span class='ocrx_word' id='word_1_130' title='bbox 479 1692 612 1750; x_wconf 89' lang='lat' dir='ltr'>post</span> <span class='ocrx_word' id='word_1_131' title='bbox 670 1692 917 1735; x_wconf 89' lang='lat' dir='ltr'>mortem</span> <span class='ocrx_word' id='word_1_132' title='bbox 973 1683 1288 1734; x_wconf 88' lang='lat' dir='ltr'>Ptolemaei</span> <span class='ocrx_word' id='word_1_133' title='bbox 1338 1683 1418 1734; x_wconf 94' lang='lat' dir='ltr'>VI</span> <span class='ocrx_word' id='word_1_134' title='bbox 1464 1683 1861 1733; x_wconf 90' lang='lat' dir='ltr'>Ptolemaeum</span> <span class='ocrx_word' id='word_1_135' title='bbox 1914 1681 2041 1732; x_wconf 84' lang='lat' dir='ltr'>VIII</span> <span class='ocrx_word' id='word_1_136' title='bbox 2094 1696 2219 1746; x_wconf 90' lang='lat' dir='ltr'>reg-</span> 
     </span>
     <span class='ocr_line' id='line_1_17' title="bbox 245 1772 2216 1838; baseline -0.003 -12"><span class='ocrx_word' id='word_1_137' title='bbox 245 1778 482 1826; x_wconf 87' lang='lat' dir='ltr'>nantem</span> <span class='ocrx_word' id='word_1_138' title='bbox 532 1774 910 1838; x_wconf 78' lang='lat' dir='ltr'>inveniamUS,</span> <span class='ocrx_word' id='word_1_139' title='bbox 966 1774 1353 1838; x_wconf 89' lang='lat' dir='ltr'>colligendum</span> <span class='ocrx_word' id='word_1_140' title='bbox 1408 1780 1495 1824; x_wconf 91' lang='lat' dir='ltr'>est</span> <span class='ocrx_word' id='word_1_141' title='bbox 1538 1772 1718 1823; x_wconf 85' lang='lat' dir='ltr'>filium</span> <span class='ocrx_word' id='word_1_142' title='bbox 1771 1772 2087 1822; x_wconf 89' lang='lat' dir='ltr'>Ptolemaei</span> <span class='ocrx_word' id='word_1_143' title='bbox 2122 1772 2216 1834; x_wconf 89' lang='lat' dir='ltr'>VI,</span> 
     </span>
     <span class='ocr_line' id='line_1_18' title="bbox 246 1862 2216 1931; baseline -0.003 -14"><span class='ocrx_word' id='word_1_144' title='bbox 246 1881 418 1931; x_wconf 92' lang='lat' dir='ltr'>quem</span> <span class='ocrx_word' id='word_1_145' title='bbox 464 1865 806 1931; x_wconf 87' lang='lat' dir='ltr'>regnavisse</span> <span class='ocrx_word' id='word_1_146' title='bbox 855 1880 927 1916; x_wconf 82' lang='lat' dir='ltr'>ex</span> <span class='ocrx_word' id='word_1_147' title='bbox 975 1864 1303 1916; x_wconf 87' lang='lat' dir='ltr'>testimonio</span> <span class='ocrx_word' id='word_1_148' title='bbox 1340 1863 1569 1928; x_wconf 90' lang='lat' dir='ltr'>Iosephi</span> <span class='ocrx_word' id='word_1_149' title='bbox 1606 1862 2007 1925; x_wconf 79' lang='lat' dir='ltr'>conclusimuS,</span> <span class='ocrx_word' id='word_1_150' title='bbox 2044 1863 2216 1926; x_wconf 87' lang='lat' dir='ltr'>paulo</span> 
     </span>
     <span class='ocr_line' id='line_1_19' title="bbox 245 1942 2218 2021; baseline -0.003 -14"><span class='ocrx_word' id='word_1_151' title='bbox 245 1963 378 2021; x_wconf 91' lang='lat' dir='ltr'>post</span> <span class='ocrx_word' id='word_1_152' title='bbox 425 1956 548 2007; x_wconf 90' lang='lat' dir='ltr'>sive</span> <span class='ocrx_word' id='word_1_153' title='bbox 591 1956 778 2021; x_wconf 90' lang='lat' dir='ltr'>patria</span> <span class='ocrx_word' id='word_1_154' title='bbox 815 1942 1120 2019; x_wconf 79' lang='lat' dir='ltr'>expulsum</span> <span class='ocrx_word' id='word_1_155' title='bbox 1158 1953 1280 2004; x_wconf 87' lang='lat' dir='ltr'>sive</span> <span class='ocrx_word' id='word_1_156' title='bbox 1316 1961 1607 2004; x_wconf 89' lang='lat' dir='ltr'>mortuum</span> <span class='ocrx_word' id='word_1_157' title='bbox 1645 1967 1789 2003; x_wconf 89' lang='lat' dir='ltr'>esse.</span> <span class='ocrx_word' id='word_1_158' title='bbox 1865 1952 2010 2003; x_wconf 91' lang='lat' dir='ltr'>Cum</span> <span class='ocrx_word' id='word_1_159' title='bbox 2047 1951 2218 2016; x_wconf 88' lang='lat' dir='ltr'>igitur</span> 
     </span>
     <span class='ocr_line' id='line_1_20' title="bbox 244 2041 2219 2097; baseline -0.003 0"><span class='ocrx_word' id='word_1_160' title='bbox 244 2045 491 2097; x_wconf 90' lang='lat' dir='ltr'>Iustinus</span> <span class='ocrx_word' id='word_1_161' title='bbox 550 2045 848 2097; x_wconf 88' lang='lat' dir='ltr'>tradiderit</span> <span class='ocrx_word' id='word_1_162' title='bbox 905 2044 1087 2095; x_wconf 83' lang='lat' dir='ltr'>filium</span> <span class='ocrx_word' id='word_1_163' title='bbox 1147 2043 1463 2094; x_wconf 84' lang='lat' dir='ltr'>Ptolemaei</span> <span class='ocrx_word' id='word_1_164' title='bbox 1504 2043 1584 2094; x_wconf 92' lang='lat' dir='ltr'>VI</span> <span class='ocrx_word' id='word_1_165' title='bbox 1633 2058 1667 2093; x_wconf 91' lang='lat' dir='ltr'>a</span> <span class='ocrx_word' id='word_1_166' title='bbox 1714 2043 2047 2093; x_wconf 88' lang='lat' dir='ltr'>Ptolemaeo</span> <span class='ocrx_word' id='word_1_167' title='bbox 2090 2041 2219 2092; x_wconf 91' lang='lat' dir='ltr'>VIII</span> 
     </span>
     <span class='ocr_line' id='line_1_21' title="bbox 244 2130 2220 2198; baseline -0.003 -12"><span class='ocrx_word' id='word_1_168' title='bbox 244 2135 611 2187; x_wconf 84' lang='lat' dir='ltr'>interfectum</span> <span class='ocrx_word' id='word_1_169' title='bbox 660 2150 805 2198; x_wconf 90' lang='lat' dir='ltr'>esse,</span> <span class='ocrx_word' id='word_1_170' title='bbox 853 2150 969 2185; x_wconf 92' lang='lat' dir='ltr'>non</span> <span class='ocrx_word' id='word_1_171' title='bbox 1012 2134 1199 2195; x_wconf 89' lang='lat' dir='ltr'>vide0‚</span> <span class='ocrx_word' id='word_1_172' title='bbox 1253 2148 1353 2183; x_wconf 87' lang='lat' dir='ltr'>cur</span> <span class='ocrx_word' id='word_1_173' title='bbox 1387 2134 1533 2183; x_wconf 86' lang='lat' dir='ltr'>haec</span> <span class='ocrx_word' id='word_1_174' title='bbox 1570 2132 1824 2183; x_wconf 85' lang='lat' dir='ltr'>narratio</span> <span class='ocrx_word' id='word_1_175' title='bbox 1862 2130 2220 2196; x_wconf 87' lang='lat' dir='ltr'>repudianda</span> 
     </span>
     <span class='ocr_line' id='line_1_22' title="bbox 183 2206 2220 2290; baseline -0.003 -14"><span class='ocrx_word' id='word_1_176' title='bbox 183 2274 192 2277; x_wconf 29' lang='lat' dir='ltr'>l</span> <span class='ocrx_word' id='word_1_177' title='bbox 245 2224 332 2276; x_wconf 87' lang='lat' dir='ltr'>sit.</span> <span class='ocrx_word' id='word_1_178' title='bbox 403 2225 600 2290; x_wconf 90' lang='lat' dir='ltr'>Itaque</span> <span class='ocrx_word' id='word_1_179' title='bbox 648 2226 837 2276; x_wconf 91' lang='lat' dir='ltr'>nullus</span> <span class='ocrx_word' id='word_1_180' title='bbox 886 2206 1097 2286; x_wconf 85' lang='lat' dir='ltr'>dubitO,</span> <span class='ocrx_word' id='word_1_181' title='bbox 1148 2223 1281 2288; x_wconf 90' lang='lat' dir='ltr'>quin</span> <span class='ocrx_word' id='word_1_182' title='bbox 1328 2230 1460 2287; x_wconf 92' lang='lat' dir='ltr'>post</span> <span class='ocrx_word' id='word_1_183' title='bbox 1507 2229 1753 2272; x_wconf 87' lang='lat' dir='ltr'>mortem</span> <span class='ocrx_word' id='word_1_184' title='bbox 1789 2220 2104 2271; x_wconf 87' lang='lat' dir='ltr'>Ptolemaei</span> <span class='ocrx_word' id='word_1_185' title='bbox 2139 2220 2220 2271; x_wconf 93' lang='lat' dir='ltr'>VI</span> 
     </span>
     <span class='ocr_line' id='line_1_23' title="bbox 244 2309 2218 2379; baseline -0.003 -14"><span class='ocrx_word' id='word_1_186' title='bbox 244 2314 367 2365; x_wconf 92' lang='lat' dir='ltr'>eius</span> <span class='ocrx_word' id='word_1_187' title='bbox 424 2314 575 2365; x_wconf 78' lang='lat' dir='ltr'>filius</span> <span class='ocrx_word' id='word_1_188' title='bbox 633 2329 738 2379; x_wconf 92' lang='lat' dir='ltr'>per</span> <span class='ocrx_word' id='word_1_189' title='bbox 793 2314 972 2364; x_wconf 91' lang='lat' dir='ltr'>breve</span> <span class='ocrx_word' id='word_1_190' title='bbox 1026 2312 1303 2377; x_wconf 89' lang='lat' dir='ltr'>temporis</span> <span class='ocrx_word' id='word_1_191' title='bbox 1357 2311 1606 2376; x_wconf 91' lang='lat' dir='ltr'>spatium</span> <span class='ocrx_word' id='word_1_192' title='bbox 1657 2309 1990 2375; x_wconf 84' lang='lat' dir='ltr'>regnaverit</span> <span class='ocrx_word' id='word_1_193' title='bbox 2044 2319 2098 2360; x_wconf 93' lang='lat' dir='ltr'>et</span> <span class='ocrx_word' id='word_1_194' title='bbox 2147 2310 2218 2360; x_wconf 91' lang='lat' dir='ltr'>ab</span> 
     </span>
     <span class='ocr_line' id='line_1_24' title="bbox 245 2399 2216 2464; baseline -0.003 -9"><span class='ocrx_word' id='word_1_195' title='bbox 245 2407 531 2456; x_wconf 88' lang='lat' dir='ltr'>avunculo</span> <span class='ocrx_word' id='word_1_196' title='bbox 590 2404 926 2455; x_wconf 83' lang='lat' dir='ltr'>interfectus</span> <span class='ocrx_word' id='word_1_197' title='bbox 987 2403 1083 2463; x_wconf 89' lang='lat' dir='ltr'>sit,</span> <span class='ocrx_word' id='word_1_198' title='bbox 1155 2410 1216 2453; x_wconf 90' lang='lat' dir='ltr'>ut</span> <span class='ocrx_word' id='word_1_199' title='bbox 1276 2401 1522 2452; x_wconf 90' lang='lat' dir='ltr'>Iustinus</span> <span class='ocrx_word' id='word_1_200' title='bbox 1581 2400 1895 2451; x_wconf 90' lang='lat' dir='ltr'>memoriae</span> <span class='ocrx_word' id='word_1_201' title='bbox 1955 2399 2216 2464; x_wconf 90' lang='lat' dir='ltr'>prodidit,</span> 
     </span>
     <span class='ocr_line' id='line_1_25' title="bbox 245 2483 1807 2557; baseline -0.004 -12"><span class='ocrx_word' id='word_1_202' title='bbox 245 2483 405 2545; x_wconf 86' lang='lat' dir='ltr'>cuius</span> <span class='ocrx_word' id='word_1_203' title='bbox 441 2494 695 2545; x_wconf 88' lang='lat' dir='ltr'>narratio</span> <span class='ocrx_word' id='word_1_204' title='bbox 731 2493 1059 2544; x_wconf 90' lang='lat' dir='ltr'>testimonio</span> <span class='ocrx_word' id='word_1_205' title='bbox 1095 2491 1324 2557; x_wconf 84' lang='lat' dir='ltr'>Iosephi</span> <span class='ocrx_word' id='word_1_206' title='bbox 1362 2491 1737 2542; x_wconf 77' lang='lat' dir='ltr'>confirmatur</span> <span class='ocrx_word' id='word_1_207' title='bbox 1754 2491 1807 2555; x_wconf 82' lang='grc'>2).</span> 
     </span>
    </p>

    <p class='ocr_par' dir='ltr' id='par_1_4' title="bbox 242 2578 2289 2828">
     <span class='ocr_line' id='line_1_26' title="bbox 422 2578 2218 2648; baseline -0.003 -14"><span class='ocrx_word' id='word_1_208' title='bbox 422 2583 687 2648; x_wconf 86' lang='lat' dir='ltr'>Papyrus</span> <span class='ocrx_word' id='word_1_209' title='bbox 746 2582 1064 2633; x_wconf 88' lang='lat' dir='ltr'>demoticus</span> <span class='ocrx_word' id='word_1_210' title='bbox 1116 2581 1314 2646; x_wconf 85' lang='lat' dir='ltr'>igitur,</span> <span class='ocrx_word' id='word_1_211' title='bbox 1379 2580 1539 2631; x_wconf 91' lang='lat' dir='ltr'>cuius</span> <span class='ocrx_word' id='word_1_212' title='bbox 1593 2579 1944 2630; x_wconf 85' lang='lat' dir='ltr'>mentionem</span> <span class='ocrx_word' id='word_1_213' title='bbox 2001 2578 2218 2629; x_wconf 83' lang='lat' dir='ltr'>faciunt</span> 
     </span>
     <span class='ocr_line' id='line_1_27' title="bbox 244 2669 2217 2736; baseline -0.003 -12"><span class='ocrx_word' id='word_1_214' title='bbox 244 2672 502 2724; x_wconf 83' lang='lat' dir='ltr'>Grenfell</span> <span class='ocrx_word' id='word_1_215' title='bbox 557 2681 613 2723; x_wconf 91' lang='lat' dir='ltr'>et</span> <span class='ocrx_word' id='word_1_216' title='bbox 648 2673 807 2723; x_wconf 91' lang='lat' dir='ltr'>Hunt</span> <span class='ocrx_word' id='word_1_217' title='bbox 859 2671 949 2736; x_wconf 76' lang='lat' dir='ltr'>(cf.</span> <span class='ocrx_word' id='word_1_218' title='bbox 997 2685 1128 2736; x_wconf 89' lang='lat' dir='ltr'>pag.</span> <span class='ocrx_word' id='word_1_219' title='bbox 1167 2671 1268 2735; x_wconf 73' lang='lat'>46),</span> <span class='ocrx_word' id='word_1_220' title='bbox 1321 2669 1458 2720; x_wconf 90' lang='lat' dir='ltr'>nihil</span> <span class='ocrx_word' id='word_1_221' title='bbox 1515 2669 1683 2719; x_wconf 88' lang='lat' dir='ltr'>docet</span> <span class='ocrx_word' id='word_1_222' title='bbox 1719 2669 1828 2719; x_wconf 90' lang='lat' dir='ltr'>nisi</span> <span class='ocrx_word' id='word_1_223' title='bbox 1863 2669 2217 2733; x_wconf 86' lang='lat' dir='ltr'>Eupatorem</span> 
     </span>
     <span class='ocr_line' id='line_1_28' title="bbox 242 2743 2289 2828; baseline -0.003 -15"><span class='ocrx_word' id='word_1_224' title='bbox 242 2762 398 2813; x_wconf 86' lang='lat' dir='ltr'>initio</span> <span class='ocrx_word' id='word_1_225' title='bbox 447 2744 676 2828; x_wconf 91' lang='lat' dir='ltr'>quidem</span> <span class='ocrx_word' id='word_1_226' title='bbox 720 2777 756 2813; x_wconf 90' lang='lat' dir='ltr'>a</span> <span class='ocrx_word' id='word_1_227' title='bbox 790 2768 955 2827; x_wconf 90' lang='lat' dir='ltr'>patre</span> <span class='ocrx_word' id='word_1_228' title='bbox 1003 2760 1223 2811; x_wconf 87' lang='lat' dir='ltr'>socium</span> <span class='ocrx_word' id='word_1_229' title='bbox 1267 2759 1432 2824; x_wconf 90' lang='lat' dir='ltr'>regni</span> <span class='ocrx_word' id='word_1_230' title='bbox 1479 2759 1535 2809; x_wconf 93' lang='lat' dir='ltr'>in</span> <span class='ocrx_word' id='word_1_231' title='bbox 1573 2758 1847 2823; x_wconf 86' lang='lat' dir='ltr'>Aegypto</span> <span class='ocrx_word' id='word_1_232' title='bbox 1898 2765 2215 2822; x_wconf 75' lang='lat' dir='ltr'>acceptum,</span> <span class='ocrx_word' id='word_1_233' title='bbox 2287 2743 2289 2749; x_wconf 37' lang='lat'>⁸</span> 
     </span>
    </p>
   </div>
   <div class='ocr_carea' id='block_1_3' title="bbox 243 2890 2216 3543">
    <p class='ocr_par' dir='ltr' id='par_1_5' title="bbox 243 2890 2216 3543">
     <span class='ocr_line' id='line_1_29' title="bbox 423 2890 2216 2947; baseline -0.003 -12"><span class='ocrx_word' id='word_1_234' title='bbox 423 2897 454 2945; x_wconf 88' lang='lat'>¹)</span> <span class='ocrx_word' id='word_1_235' title='bbox 483 2896 633 2947; x_wconf 87' lang='lat' dir='ltr'>Neque</span> <span class='ocrx_word' id='word_1_236' title='bbox 663 2896 800 2934; x_wconf 87' lang='lat' dir='ltr'>minus</span> <span class='ocrx_word' id='word_1_237' title='bbox 831 2895 1010 2934; x_wconf 83' lang='lat' dir='ltr'>Orosius</span> <span class='ocrx_word' id='word_1_238' title='bbox 1039 2894 1106 2945; x_wconf 83' lang='lat' dir='ltr'>(V,</span> <span class='ocrx_word' id='word_1_239' title='bbox 1133 2905 1190 2942; x_wconf 90' lang='lat'>10,</span> <span class='ocrx_word' id='word_1_240' title='bbox 1219 2894 1263 2942; x_wconf 79' lang='lat'>6;</span> <span class='ocrx_word' id='word_1_241' title='bbox 1295 2893 1349 2931; x_wconf 88' lang='lat' dir='ltr'>ef.</span> <span class='ocrx_word' id='word_1_242' title='bbox 1370 2893 1393 2944; x_wconf 65' lang='grc' dir='ltr'>ξ</span> <span class='ocrx_word' id='word_1_243' title='bbox 1414 2896 1451 2942; x_wconf 86' lang='lat'>3)</span> <span class='ocrx_word' id='word_1_244' title='bbox 1482 2893 1768 2931; x_wconf 82' lang='lat' dir='ltr'>narrationem</span> <span class='ocrx_word' id='word_1_245' title='bbox 1799 2893 1946 2930; x_wconf 89' lang='lat' dir='ltr'>Iustini</span> <span class='ocrx_word' id='word_1_246' title='bbox 1978 2898 2018 2930; x_wconf 92' lang='lat' dir='ltr'>et</span> <span class='ocrx_word' id='word_1_247' title='bbox 2047 2890 2216 2942; x_wconf 89' lang='lat' dir='ltr'>Iosephi</span> 
     </span>
     <span class='ocr_line' id='line_1_30' title="bbox 245 2966 2216 3021; baseline -0.002 -13"><span class='ocrx_word' id='word_1_248' title='bbox 245 2970 477 3018; x_wconf 88' lang='lat' dir='ltr'>confirmat,</span> <span class='ocrx_word' id='word_1_249' title='bbox 515 2983 782 3021; x_wconf 88' lang='lat' dir='ltr'>quamquam,</span> <span class='ocrx_word' id='word_1_250' title='bbox 820 2981 927 3020; x_wconf 87' lang='lat' dir='ltr'>quae</span> <span class='ocrx_word' id='word_1_251' title='bbox 966 2982 1076 3007; x_wconf 88' lang='lat' dir='ltr'>anno</span> <span class='ocrx_word' id='word_1_252' title='bbox 1118 2975 1188 3019; x_wconf 85' lang='lat'>145</span> <span class='ocrx_word' id='word_1_253' title='bbox 1219 2981 1254 3010; x_wconf 87' lang='lat' dir='ltr'>a.</span> <span class='ocrx_word' id='word_1_254' title='bbox 1285 2967 1384 3008; x_wconf 88' lang='lat' dir='ltr'>Chr.</span> <span class='ocrx_word' id='word_1_255' title='bbox 1422 2967 1536 3006; x_wconf 79' lang='lat' dir='ltr'>facta</span> <span class='ocrx_word' id='word_1_256' title='bbox 1576 2974 1683 3014; x_wconf 91' lang='lat' dir='ltr'>sunt,</span> <span class='ocrx_word' id='word_1_257' title='bbox 1720 2966 1865 3005; x_wconf 89' lang='lat' dir='ltr'>tribuit</span> <span class='ocrx_word' id='word_1_258' title='bbox 1895 2979 2005 3004; x_wconf 85' lang='lat' dir='ltr'>anno</span> <span class='ocrx_word' id='word_1_259' title='bbox 2039 2970 2216 3014; x_wconf 64' lang='lat'>1311130.</span> 
     </span>
     <span class='ocr_line' id='line_1_31' title="bbox 348 3035 2216 3096; baseline -0.004 -12"><span class='ocrx_word' id='word_1_260' title='bbox 348 3035 361 3039; x_wconf 23' lang='lat' dir='ltr'><strong>g</strong></span> <span class='ocrx_word' id='word_1_261' title='bbox 422 3045 454 3095; x_wconf 80' lang='grc'>2)</span> <span class='ocrx_word' id='word_1_262' title='bbox 472 3045 599 3096; x_wconf 86' lang='lat' dir='ltr'>Quod</span> <span class='ocrx_word' id='word_1_263' title='bbox 609 3044 814 3096; x_wconf 90' lang='lat' dir='ltr'>Iosephus</span> <span class='ocrx_word' id='word_1_264' title='bbox 832 3045 874 3082; x_wconf 92' lang='lat' dir='ltr'>in</span> <span class='ocrx_word' id='word_1_265' title='bbox 891 3045 954 3091; x_wconf 92' lang='lat' dir='ltr'>iis,</span> <span class='ocrx_word' id='word_1_266' title='bbox 970 3055 1077 3094; x_wconf 87' lang='lat' dir='ltr'>quae</span> <span class='ocrx_word' id='word_1_267' title='bbox 1095 3049 1335 3094; x_wconf 89' lang='lat' dir='ltr'>sequuntur,</span> <span class='ocrx_word' id='word_1_268' title='bbox 1353 3049 1494 3080; x_wconf 85' lang='lat' dir='ltr'>narrat</span> <span class='ocrx_word' id='word_1_269' title='bbox 1510 3042 1814 3089; x_wconf 85' lang='lat' dir='ltr'>Ptolemaeum,</span> <span class='ocrx_word' id='word_1_270' title='bbox 1828 3048 2056 3092; x_wconf 87' lang='lat' dir='ltr'>postquam</span> <span class='ocrx_word' id='word_1_271' title='bbox 2074 3040 2216 3078; x_wconf 87' lang='lat' dir='ltr'>Iudaei</span> 
     </span>
     <span class='ocr_line' id='line_1_32' title="bbox 244 3114 2215 3172; baseline -0.004 -13"><span class='ocrx_word' id='word_1_272' title='bbox 244 3122 485 3172; x_wconf 86' lang='lat' dir='ltr'>Aegyptum</span> <span class='ocrx_word' id='word_1_273' title='bbox 512 3119 754 3158; x_wconf 86' lang='lat' dir='ltr'>habitantes</span> <span class='ocrx_word' id='word_1_274' title='bbox 784 3120 897 3158; x_wconf 89' lang='lat' dir='ltr'>Onia</span> <span class='ocrx_word' id='word_1_275' title='bbox 924 3119 1031 3157; x_wconf 85' lang='lat' dir='ltr'>duce</span> <span class='ocrx_word' id='word_1_276' title='bbox 1059 3131 1139 3170; x_wconf 88' lang='lat' dir='ltr'>pro</span> <span class='ocrx_word' id='word_1_277' title='bbox 1171 3118 1402 3169; x_wconf 85' lang='lat' dir='ltr'>Cleopatra</span> <span class='ocrx_word' id='word_1_278' title='bbox 1429 3117 1585 3155; x_wconf 91' lang='lat' dir='ltr'>bellum</span> <span class='ocrx_word' id='word_1_279' title='bbox 1616 3117 1918 3167; x_wconf 84' lang='lat' dir='ltr'>suscepissent,</span> <span class='ocrx_word' id='word_1_280' title='bbox 1951 3127 2121 3153; x_wconf 83' lang='lat' dir='ltr'>»omnes</span> <span class='ocrx_word' id='word_1_281' title='bbox 2153 3114 2215 3152; x_wconf 90' lang='lat' dir='ltr'>lu-</span> 
     </span>
     <span class='ocr_line' id='line_1_33' title="bbox 245 3190 2214 3245; baseline -0.004 -12"><span class='ocrx_word' id='word_1_282' title='bbox 245 3195 375 3233; x_wconf 87' lang='lat' dir='ltr'>daeos</span> <span class='ocrx_word' id='word_1_283' title='bbox 414 3195 456 3234; x_wconf 89' lang='lat' dir='ltr'>in</span> <span class='ocrx_word' id='word_1_284' title='bbox 494 3196 665 3234; x_wconf 88' lang='lat' dir='ltr'>civitate</span> <span class='ocrx_word' id='word_1_285' title='bbox 702 3195 868 3245; x_wconf 89' lang='lat' dir='ltr'>positos</span> <span class='ocrx_word' id='word_1_286' title='bbox 906 3206 1001 3232; x_wconf 88' lang='lat' dir='ltr'>cum</span> <span class='ocrx_word' id='word_1_287' title='bbox 1029 3193 1126 3232; x_wconf 88' lang='lat' dir='ltr'>filiis</span> <span class='ocrx_word' id='word_1_288' title='bbox 1158 3200 1199 3231; x_wconf 90' lang='lat' dir='ltr'>et</span> <span class='ocrx_word' id='word_1_289' title='bbox 1227 3193 1426 3231; x_wconf 83' lang='lat' dir='ltr'>uxoribus</span> <span class='ocrx_word' id='word_1_290' title='bbox 1457 3193 1698 3242; x_wconf 87' lang='lat' dir='ltr'>capientem</span> <span class='ocrx_word' id='word_1_291' title='bbox 1726 3191 1862 3229; x_wconf 88' lang='lat' dir='ltr'>nudos</span> <span class='ocrx_word' id='word_1_292' title='bbox 1893 3197 2017 3240; x_wconf 84' lang='lat' dir='ltr'>atque</span> <span class='ocrx_word' id='word_1_293' title='bbox 2048 3190 2214 3227; x_wconf 89' lang='lat' dir='ltr'>vinctos</span> 
     </span>
     <span class='ocr_line' id='line_1_34' title="bbox 245 3264 2214 3321; baseline -0.004 -14"><span class='ocrx_word' id='word_1_294' title='bbox 245 3269 481 3321; x_wconf 86' lang='lat' dir='ltr'>elephantis</span> <span class='ocrx_word' id='word_1_295' title='bbox 501 3269 772 3317; x_wconf 85' lang='lat' dir='ltr'>subiecisse«,</span> <span class='ocrx_word' id='word_1_296' title='bbox 797 3269 850 3307; x_wconf 89' lang='lat' dir='ltr'>ad</span> <span class='ocrx_word' id='word_1_297' title='bbox 871 3268 1044 3306; x_wconf 89' lang='lat' dir='ltr'>easdem</span> <span class='ocrx_word' id='word_1_298' title='bbox 1066 3268 1283 3319; x_wconf 80' lang='lat' dir='ltr'>angustias</span> <span class='ocrx_word' id='word_1_299' title='bbox 1304 3267 1555 3305; x_wconf 89' lang='lat' dir='ltr'>Iudaeorum</span> <span class='ocrx_word' id='word_1_300' title='bbox 1577 3273 1743 3317; x_wconf 89' lang='lat' dir='ltr'>spectat</span> <span class='ocrx_word' id='word_1_301' title='bbox 1765 3265 1943 3316; x_wconf 83' lang='lat' dir='ltr'>epistula</span> <span class='ocrx_word' id='word_1_302' title='bbox 1964 3264 2214 3301; x_wconf 87' lang='lat' dir='ltr'>Iudaeorum</span> 
     </span>
     <span class='ocr_line' id='line_1_35' title="bbox 243 3339 2213 3394; baseline -0.004 -12"><span class='ocrx_word' id='word_1_303' title='bbox 243 3344 566 3394; x_wconf 87' lang='lat' dir='ltr'>Hierosolymas</span> <span class='ocrx_word' id='word_1_304' title='bbox 608 3343 889 3382; x_wconf 86' lang='lat' dir='ltr'>habitantium</span> <span class='ocrx_word' id='word_1_305' title='bbox 937 3345 989 3382; x_wconf 87' lang='lat' dir='ltr'>ad</span> <span class='ocrx_word' id='word_1_306' title='bbox 1036 3343 1215 3382; x_wconf 88' lang='lat' dir='ltr'>Iudaeos</span> <span class='ocrx_word' id='word_1_307' title='bbox 1263 3343 1504 3393; x_wconf 86' lang='lat' dir='ltr'>Aegyptum</span> <span class='ocrx_word' id='word_1_308' title='bbox 1551 3342 1790 3380; x_wconf 86' lang='lat' dir='ltr'>habitantes</span> <span class='ocrx_word' id='word_1_309' title='bbox 1839 3341 1979 3385; x_wconf 84' lang='lat' dir='ltr'>missa,</span> <span class='ocrx_word' id='word_1_310' title='bbox 2023 3351 2128 3389; x_wconf 83' lang='lat' dir='ltr'>quae</span> <span class='ocrx_word' id='word_1_311' title='bbox 2172 3339 2213 3376; x_wconf 90' lang='lat' dir='ltr'>in</span> 
     </span>
     <span class='ocr_line' id='line_1_36' title="bbox 244 3414 2213 3468; baseline -0.004 -12"><span class='ocrx_word' id='word_1_312' title='bbox 244 3418 464 3457; x_wconf 87' lang='lat' dir='ltr'>codicibus</span> <span class='ocrx_word' id='word_1_313' title='bbox 505 3418 543 3456; x_wconf 92' lang='lat' dir='ltr'>II</span> <span class='ocrx_word' id='word_1_314' title='bbox 583 3418 690 3457; x_wconf 92' lang='lat' dir='ltr'>libro</span> <span class='ocrx_word' id='word_1_315' title='bbox 719 3419 1072 3457; x_wconf 87' lang='lat' dir='ltr'>Maccahaeorum</span> <span class='ocrx_word' id='word_1_316' title='bbox 1115 3418 1363 3468; x_wconf 88' lang='lat' dir='ltr'>praeposita</span> <span class='ocrx_word' id='word_1_317' title='bbox 1401 3416 1456 3466; x_wconf 87' lang='lat' dir='ltr'>(Il</span> <span class='ocrx_word' id='word_1_318' title='bbox 1486 3417 1619 3457; x_wconf 90' lang='lat' dir='ltr'>Maec.</span> <span class='ocrx_word' id='word_1_319' title='bbox 1655 3427 1684 3462; x_wconf 94' lang='lat'>1,</span> <span class='ocrx_word' id='word_1_320' title='bbox 1720 3417 1834 3464; x_wconf 87' lang='lat'>1—7)</span> <span class='ocrx_word' id='word_1_321' title='bbox 1873 3422 1914 3452; x_wconf 85' lang='lat' dir='ltr'>et</span> <span class='ocrx_word' id='word_1_322' title='bbox 1950 3414 2108 3463; x_wconf 84' lang='lat' dir='ltr'>scripta</span> <span class='ocrx_word' id='word_1_323' title='bbox 2149 3419 2213 3450; x_wconf 85' lang='lat' dir='ltr'>est</span> 
     </span>
     <span class='ocr_line' id='line_1_37' title="bbox 244 3487 2210 3543; baseline -0.003 -12"><span class='ocrx_word' id='word_1_324' title='bbox 244 3505 354 3531; x_wconf 87' lang='lat' dir='ltr'>anno</span> <span class='ocrx_word' id='word_1_325' title='bbox 388 3502 459 3540; x_wconf 87' lang='lat'>144</span> <span class='ocrx_word' id='word_1_326' title='bbox 477 3505 513 3531; x_wconf 92' lang='lat' dir='ltr'>a.</span> <span class='ocrx_word' id='word_1_327' title='bbox 535 3492 633 3535; x_wconf 82' lang='lat' dir='ltr'>Chr,</span> <span class='ocrx_word' id='word_1_328' title='bbox 672 3493 728 3530; x_wconf 89' lang='lat' dir='ltr'>At</span> <span class='ocrx_word' id='word_1_329' title='bbox 757 3492 862 3531; x_wconf 87' lang='lat' dir='ltr'>haec</span> <span class='ocrx_word' id='word_1_330' title='bbox 893 3493 1104 3531; x_wconf 85' lang='lat' dir='ltr'>sententia</span> <span class='ocrx_word' id='word_1_331' title='bbox 1132 3492 1284 3543; x_wconf 86' lang='lat' dir='ltr'>plenae</span> <span class='ocrx_word' id='word_1_332' title='bbox 1315 3498 1355 3530; x_wconf 90' lang='lat' dir='ltr'>et</span> <span class='ocrx_word' id='word_1_333' title='bbox 1385 3492 1602 3542; x_wconf 86' lang='lat' dir='ltr'>perfectae</span> <span class='ocrx_word' id='word_1_334' title='bbox 1633 3489 2009 3542; x_wconf 81' lang='lat' dir='ltr'>argumentationis</span> <span class='ocrx_word' id='word_1_335' title='bbox 2040 3487 2210 3537; x_wconf 84' lang='lat' dir='ltr'>indiget,</span> 
     </span>
    </p>
   </div>
   <div class='ocr_carea' id='block_1_4' title="bbox 244 3567 1159 3618">
    <p class='ocr_par' dir='ltr' id='par_1_6' title="bbox 244 3567 1159 3618">
     <span class='ocr_line' id='line_1_38' title="bbox 244 3567 1159 3618; baseline -0.002 -12"><span class='ocrx_word' id='word_1_336' title='bbox 244 3580 369 3618; x_wconf 86' lang='lat' dir='ltr'>quam</span> <span class='ocrx_word' id='word_1_337' title='bbox 398 3567 480 3606; x_wconf 91' lang='lat' dir='ltr'>hoc</span> <span class='ocrx_word' id='word_1_338' title='bbox 509 3568 606 3606; x_wconf 89' lang='lat' dir='ltr'>loco</span> <span class='ocrx_word' id='word_1_339' title='bbox 635 3567 826 3618; x_wconf 87' lang='lat' dir='ltr'>proferre</span> <span class='ocrx_word' id='word_1_340' title='bbox 855 3579 941 3605; x_wconf 90' lang='lat' dir='ltr'>non</span> <span class='ocrx_word' id='word_1_341' title='bbox 970 3579 1159 3618; x_wconf 86' lang='lat' dir='ltr'>possum.</span> 
     </span>
    </p>
   </div>
  </div>
 </body>
</html>
