2496 3996
424 274 544 314 Unde
574 280 691 318 ortae
723 275 806 319 sint
834 273 1099 319 differentiae
1130 274 1239 313 inter
1266 287 1451 325 papyros
1483 275 1671 318 Graecos
1702 285 1742 314 et
1773 277 2025 315 demoticos.
2140 264 2207 315 45

243 417 382 468 tiam
417 417 565 467 inter
616 430 873 480 papyros
927 415 1187 466 Graecos
1242 422 1298 466 et
1351 416 1665 467 demoticos
1711 418 1881 469 etiam
1928 418 2070 470 alias
2115 419 2206 469 de-
2267 432 2276 441 “

242 505 535 572 prehendi.

423 580 666 647 Constat
699 582 1030 659 in‘papyris
1069 594 1365 647 demoticis
1391 595 1787 647 Ptolemaeum
1823 596 1869 646 II
1895 596 2208 661 significari

247 685 465 736 »filium
513 684 618 736 dei
669 684 986 735 Ptolemaei
1040 683 1394 735 servatoris«
1436 683 1527 748 (cf.
1565 683 1844 747 Wilcken,
1892 685 2043 736 Gott.
2083 686 2205 736 Gel.

242 775 385 826 ΑΗΖ.
434 775 562 825 1895
608 788 740 839 pag.
789 774 920 838 140),
975 788 1325 839 quamquam
1373 773 1583 824 Graeci
1633 780 1859 837 patrem
1912 774 2208 838 privantes

244 863 586 930 cognomine
627 863 806 914 »dei«
847 864 917 922 de
955 878 1024 914 eo
1059 878 1290 931 semper
1313 862 1506 913 verbis
1532 869 1790 914 utuntur:
1833 862 2208 926 »Πτολεμαῖος

241 953 580 1017 Πτολεμαίου
619 953 931 1015 Σωτῆρος«.,

423 1043 729 1107 Quaeritur
763 1042 950 1108 igitur,
987 1042 1138 1094 unde
1165 1041 1286 1093 eius
1319 1042 1474 1093 modi
1499 1041 1860 1092 differentiae
1887 1048 2048 1092 ortae
2082 1042 2207 1093 sint.

243 1133 641 1195 Sacerdotium
685 1132 831 1196 ἱεροῦ
867 1132 1054 1182 πώλου
1099 1132 1278 1184 fuisse
1315 1133 1544 1189 Graeca
1587 1131 1805 1196 origine
1842 1130 2010 1181 facile
2053 1131 2210 1182 intel—

241 1225 464 1290 legitur,
502 1223 774 1289 quoniam
809 1221 1085 1287 Aegyptii
1119 1222 1308 1287 ipsum
1344 1223 1692 1277 vocabulum
1730 1220 2020 1274 Graecum
2057 1235 2210 1270 rece-

241 1313 428 1380 perint
454 1321 510 1364 et
535 1312 653 1363 suis
677 1311 880 1362 litteris
907 1311 1313 1375 expresserint,
1341 1311 1495 1375 quod
1512 1310 1570 1360 in
1588 1310 1844 1374 linguam
1865 1310 2209 1360 demoticam

241 1411 471 1458 vertere
495 1417 612 1453 non
635 1408 960 1467 potuerunt.
1004 1402 1264 1452 Eandem
1297 1402 1368 1452 ab
1396 1415 1634 1452 causam
1658 1400 1909 1451 fortasse
1935 1399 2210 1464 Aegyptii

241 1494 579 1559 plerumque
621 1491 1073 1556 repudiaverunt
1113 1492 1170 1542 in
1213 1490 1585 1556 praescriptis
1627 1490 2017 1542 sacerdotium
2064 1488 2210 1552 ἱεροῦ

198 1576 201 1580 ’
240 1581 445 1635 πώλου.
516 1580 576 1632 Si
608 1588 803 1638 autem
838 1580 1115 1645 Aegyptii
1145 1580 1368 1645 priores
1394 1581 1790 1632 Ptolemaeum
1826 1580 1848 1630 I
1885 1579 2211 1644 significant

243 1670 586 1736 cognomine
627 1670 811 1733 »dei«,
852 1670 1348 1721 consecrationem
1383 1670 1539 1735 regis
1565 1669 1775 1721 Graeci
1797 1669 1953 1719 initio
1980 1669 2209 1734 quidem

240 1761 599 1827 ignorabant,
649 1768 856 1825 postea
900 1761 1131 1811 demum
1169 1762 1498 1826 exemplum
1535 1759 1959 1824 Aegyptiorum
1993 1758 2209 1808 imitati.

423 1849 584 1930 Quae
629 1849 990 1900 differentiae
1026 1850 1174 1900 inter
1209 1865 1466 1915 papyros
1503 1850 1763 1900 Graecos
1801 1856 1857 1899 et
1894 1849 2210 1899 demoticos

201 2005 203 2007 η
242 1955 356 1993 non
401 1957 475 1995 ex
510 1940 739 1992 libidine
777 1941 1097 1991 scribarum
1133 1948 1294 1991 ortae
1333 1948 1478 1991 sunt.
1550 1940 1739 2004 Supra
1774 1939 2020 1990 Vidimus
2058 1954 2208 1990 anno

246 2031 340 2089 116
377 2045 426 2082 a.
455 2030 587 2082 Chr.
624 2046 677 2081 n.
724 2031 1029 2089 nonnullas
1077 2030 1425 2081 mutationes
1469 2029 1524 2079 in
1561 2030 1710 2080 serie
1744 2029 2208 2079 Ptolemaeorum

241 2128 712 2173 consecratorum
748 2119 936 2171 factas
975 2134 1119 2170 esse.
1180 2119 1239 2170 Si
1270 2134 1375 2184 pro
1404 2119 1601 2169 ordine
1631 2117 2210 2182 cPhilometor-Eupa-

240 2211 368 2274 tor’,
436 2210 532 2277 qui
577 2226 682 2276 per
729 2210 841 2262 duo
897 2210 1174 2262 decennia
1226 2210 1471 2261 usitatus
1527 2216 1672 2271 erat,
1738 2214 1873 2263 tunc
1930 2205 2208 2271 temporis

184 2340 186 2346 .
239 2302 528 2355 invenitur
564 2301 704 2352 ordo
748 2301 1014 2352 inversus
1053 2306 1109 2350 et
1145 2314 1324 2350 causa
1358 2298 1526 2350 huius
1563 2297 1893 2348 mutationis
1929 2310 2061 2347 mea
2097 2295 2211 2360 qui-

243 2392 374 2444 dem
423 2390 708 2442 sententia
761 2390 1036 2455 cognosci
1081 2396 1274 2454 potest
1332 2389 1423 2454 (cf.
1469 2403 1600 2454 pag.
1645 2388 1710 2438 46
1754 2387 1912 2452 sqq),
1969 2393 2210 2451 apparet

241 2481 393 2535 hanc
428 2480 806 2532 mutationem
841 2480 1057 2531 factam
1094 2494 1225 2530 esse
1261 2480 1422 2531 iussu
1454 2478 1609 2543 regis
1634 2480 1729 2528 vel
1763 2476 2001 2528 alicuius
2034 2475 2210 2540 magi-

243 2578 461 2623 stratus
496 2583 684 2635 neque
720 2569 948 2620 libidine
985 2569 1321 2620 scribarum.
1369 2568 1484 2620 Sin
1526 2574 1798 2633 praeter
1843 2580 1956 2616 eas
2001 2572 2208 2615 muta-

244 2660 486 2724 tioneS,
534 2660 598 2710 in
647 2659 888 2725 quibus
935 2658 1178 2724 papyri
1226 2657 1543 2709 demxotici
1588 2655 2022 2707 consentiunt
2066 2668 2210 2704 cum

244 2750 525 2815 papyris
571 2749 879 2811 GraeciS,
929 2748 1100 2799 alias
1136 2747 1540 2809 invenimUS‚
1578 2746 1642 2796 in
1673 2745 1912 2811 quibus
1951 2744 2210 2794 dissen-

245 2840 418 2893 tiunt
472 2856 507 2892 a
553 2840 836 2906 papyris
884 2838 1192 2901 GraeciS‚
1249 2836 1709 2902 colligendum
1763 2842 1887 2896 est,
1940 2834 2004 2884 in
2056 2833 2210 2883 aula

247 2930 438 2995 regia
481 2929 850 2995 separatim
893 2929 1080 2980 iussa
1129 2929 1286 2979 data
1335 2941 1485 2977 esse
1535 2926 1605 2976 de
1652 2924 1962 2975 formulis
2008 2923 2210 2974 Grae-

252 3033 480 3074 corum
515 3033 928 3084 papyrorum
966 3025 1029 3068 et
1066 3018 1143 3068 de
1179 3015 1492 3067 formulis
1531 3012 2032 3064 demoticorum.
2084 3011 2211 3074 Qua

248 3096 307 3161 in
331 3124 394 3162 re
419 3124 550 3160 cum
573 3124 745 3161 nemo
769 3123 885 3159 non
909 3108 979 3159 de
1000 3107 1275 3158 Romanis
1299 3104 1571 3157 ministris
1597 3104 1668 3154 ab
1696 3102 1951 3167 epistulis
1971 3100 2211 3151 Graecis

253 3208 310 3252 et
356 3199 428 3250 ab
476 3198 733 3264 epistulis
768 3198 986 3249 Latinis
1033 3198 1381 3255 recordetur,
1428 3196 1484 3245 in
1519 3200 1789 3259 promptu
1826 3199 1912 3242 est
1949 3190 2211 3240 conicere
2283 3197 2286 3202 '

179 3289 183 3292 ’
252 3289 466 3340 similes
490 3287 865 3352 magistratus
886 3286 1059 3339 etiam
1082 3286 1139 3337 in
1156 3286 1430 3350 Aegypto
1455 3284 1649 3345 fuisse,
1671 3294 2019 3346 quamquam
2039 3293 2211 3343 reges

250 3377 359 3444 ipsi
391 3378 516 3428 sola
543 3376 740 3441 lingua
764 3376 994 3427 Graeca
1023 3376 1112 3426 usi
1137 3390 1267 3426 esse
1292 3373 1571 3423 videntur.
1610 3372 1687 3422 At
1711 3371 1767 3420 in
1793 3384 1988 3434 regnO,
2014 3368 2072 3418 in
2097 3383 2210 3432 quo

251 3467 473 3520 incolae
502 3465 724 3516 duabus
747 3464 954 3529 linguis
981 3465 1302 3525 utebantur,
1331 3462 1452 3512 sine
1481 3461 1650 3511 dubio
1679 3459 1832 3523 apud
1862 3472 2062 3522 regem
2086 3472 2210 3507 ver-

252 3556 528 3608 sabantur
557 3547 820 3606 homines
845 3562 901 3606 et
932 3554 1129 3618 lingua
1154 3552 1437 3603 demotica
1464 3559 1519 3601 et
1549 3550 1744 3614 lingua
1771 3548 1998 3598 Graeca
2030 3546 2209 3611 periti.
