<?xml version="1.0" encoding="UTF-8"?>
<!DOCTYPE html PUBLIC "-//W3C//DTD XHTML 1.0 Transitional//EN"
    "http://www.w3.org/TR/xhtml1/DTD/xhtml1-transitional.dtd">
<html xmlns="http://www.w3.org/1999/xhtml" xml:lang="en" lang="en">
 <head>
  <title>
</title>
<meta http-equiv="Content-Type" content="text/html;charset=utf-8" />
  <meta name='ocr-system' content='tesseract 3.04.00' />
  <meta name='ocr-capabilities' content='ocr_page ocr_carea ocr_par ocr_line ocrx_word'/>
</head>
<body>
  <div class='ocr_page' id='page_1' title='image "./quaestionesepigr00laquuoft_0016.png"; bbox 0 0 2496 3996; ppageno 0'>
   <div class='ocr_carea' id='block_1_1' title="bbox 321 275 1585 337">
    <p class='ocr_par' dir='ltr' id='par_1_1' title="bbox 321 275 1585 337">
     <span class='ocr_line' id='line_1_1' title="bbox 321 275 1585 337; baseline -0.001 -12"><span class='ocrx_word' id='word_1_1' title='bbox 321 275 353 325; x_wconf 82' lang='grc'>8</span> <span class='ocrx_word' id='word_1_2' title='bbox 1003 285 1070 324; x_wconf 90' lang='lat' dir='ltr'>De</span> <span class='ocrx_word' id='word_1_3' title='bbox 1099 286 1379 337; x_wconf 88' lang='lat' dir='ltr'>inscriptione</span> <span class='ocrx_word' id='word_1_4' title='bbox 1409 285 1585 336; x_wconf 87' lang='lat' dir='ltr'>Syeniti.</span> 
     </span>
    </p>
   </div>
   <div class='ocr_carea' id='block_1_2' title="bbox 319 426 2328 3637">
    <p class='ocr_par' dir='ltr' id='par_1_2' title="bbox 321 426 2328 584">
     <span class='ocr_line' id='line_1_2' title="bbox 323 426 2328 502; baseline -0.001 -21"><span class='ocrx_word' id='word_1_5' title='bbox 323 431 396 482; x_wconf 88' lang='lat' dir='ltr'>ad</span> <span class='ocrx_word' id='word_1_6' title='bbox 433 443 633 494; x_wconf 87' lang='lat' dir='ltr'>regem</span> <span class='ocrx_word' id='word_1_7' title='bbox 670 428 850 479; x_wconf 90' lang='lat' dir='ltr'>missa</span> <span class='ocrx_word' id='word_1_8' title='bbox 886 441 1118 492; x_wconf 80' lang='lat' dir='ltr'><strong>semper</strong></span> <span class='ocrx_word' id='word_1_9' title='bbox 1153 427 1484 478; x_wconf 87' lang='lat' dir='ltr'>nominatur</span> <span class='ocrx_word' id='word_1_10' title='bbox 1521 426 1771 491; x_wconf 76' lang='grc' dir='ltr'>ἔντευξις,</span> <span class='ocrx_word' id='word_1_11' title='bbox 1811 428 1882 479; x_wconf 93' lang='lat' dir='ltr'>de</span> <span class='ocrx_word' id='word_1_12' title='bbox 1907 427 2181 493; x_wconf 88' lang='lat' dir='ltr'>petitione</span> <span class='ocrx_word' id='word_1_13' title='bbox 2218 426 2294 478; x_wconf 85' lang='lat' dir='ltr'>ad</span> <span class='ocrx_word' id='word_1_14' title='bbox 2315 484 2328 502; x_wconf 43' lang='lat' dir='ltr'><em>s</em></span> 
     </span>
     <span class='ocr_line' id='line_1_3' title="bbox 321 508 2292 584; baseline -0.002 -14"><span class='ocrx_word' id='word_1_15' title='bbox 321 519 696 584; x_wconf 78' lang='lat' dir='ltr'>magistratus</span> <span class='ocrx_word' id='word_1_16' title='bbox 728 508 908 568; x_wconf 81' lang='lat' dir='ltr'>missa</span> <span class='ocrx_word' id='word_1_17' title='bbox 932 516 1208 582; x_wconf 85' lang='lat' dir='ltr'>Aegyptii</span> <span class='ocrx_word' id='word_1_18' title='bbox 1244 530 1478 582; x_wconf 82' lang='lat' dir='ltr'><strong>semper</strong></span> <span class='ocrx_word' id='word_1_19' title='bbox 1512 523 1749 568; x_wconf 88' lang='lat' dir='ltr'>utuntur</span> <span class='ocrx_word' id='word_1_20' title='bbox 1777 517 1959 568; x_wconf 85' lang='lat' dir='ltr'>verbo</span> <span class='ocrx_word' id='word_1_21' title='bbox 1991 516 2292 580; x_wconf 62' lang='grc' dir='ltr'>ὑπόμνημα.</span> 
     </span>
    </p>

    <p class='ocr_par' dir='ltr' id='par_1_3' title="bbox 319 604 2304 3637">
     <span class='ocr_line' id='line_1_4' title="bbox 504 604 2294 659; baseline -0.002 0"><span class='ocrx_word' id='word_1_22' title='bbox 504 608 678 659; x_wconf 90' lang='lat' dir='ltr'>Cuius</span> <span class='ocrx_word' id='word_1_23' title='bbox 714 621 855 658; x_wconf 90' lang='lat' dir='ltr'>usus</span> <span class='ocrx_word' id='word_1_24' title='bbox 891 606 1114 657; x_wconf 91' lang='lat' dir='ltr'>ratione</span> <span class='ocrx_word' id='word_1_25' title='bbox 1151 605 1350 657; x_wconf 86' lang='lat' dir='ltr'>habita</span> <span class='ocrx_word' id='word_1_26' title='bbox 1384 606 1580 657; x_wconf 80' lang='lat' dir='ltr'>neseio</span> <span class='ocrx_word' id='word_1_27' title='bbox 1620 621 1695 657; x_wconf 89' lang='lat' dir='ltr'>an</span> <span class='ocrx_word' id='word_1_28' title='bbox 1726 606 1978 658; x_wconf 84' lang='lat' dir='ltr'>conicias</span> <span class='ocrx_word' id='word_1_29' title='bbox 2009 607 2160 658; x_wconf 85' lang='lat' dir='ltr'>hanc</span> <span class='ocrx_word' id='word_1_30' title='bbox 2193 604 2294 656; x_wconf 83' lang='lat' dir='ltr'>dif-</span> 
     </span>
     <span class='ocr_line' id='line_1_5' title="bbox 322 694 2293 762; baseline -0.002 -14"><span class='ocrx_word' id='word_1_31' title='bbox 322 697 626 748; x_wconf 81' lang='lat' dir='ltr'>ferentiam</span> <span class='ocrx_word' id='word_1_32' title='bbox 682 711 914 762; x_wconf 92' lang='lat' dir='ltr'>semper</span> <span class='ocrx_word' id='word_1_33' title='bbox 961 696 1140 747; x_wconf 85' lang='lat' dir='ltr'>fuisse</span> <span class='ocrx_word' id='word_1_34' title='bbox 1188 695 1337 746; x_wconf 90' lang='lat' dir='ltr'>inter</span> <span class='ocrx_word' id='word_1_35' title='bbox 1383 710 1562 746; x_wconf 84' lang='lat' dir='ltr'>voces</span> <span class='ocrx_word' id='word_1_36' title='bbox 1614 694 1842 758; x_wconf 73' lang='grc' dir='ltr'>ἔντευξις</span> <span class='ocrx_word' id='word_1_37' title='bbox 1888 703 1944 748; x_wconf 91' lang='lat' dir='ltr'>et</span> <span class='ocrx_word' id='word_1_38' title='bbox 1991 695 2293 759; x_wconf 77' lang='grc' dir='ltr'>ὑπόμνημα.</span> 
     </span>
     <span class='ocr_line' id='line_1_6' title="bbox 321 785 2296 838; baseline -0.001 0"><span class='ocrx_word' id='word_1_39' title='bbox 321 788 405 838; x_wconf 91' lang='lat' dir='ltr'>Re</span> <span class='ocrx_word' id='word_1_40' title='bbox 431 802 573 838; x_wconf 86' lang='lat' dir='ltr'>vera.</span> <span class='ocrx_word' id='word_1_41' title='bbox 599 787 792 838; x_wconf 88' lang='lat' dir='ltr'>omnia</span> <span class='ocrx_word' id='word_1_42' title='bbox 823 785 1154 837; x_wconf 91' lang='lat' dir='ltr'>testimonia</span> <span class='ocrx_word' id='word_1_43' title='bbox 1185 785 1246 836; x_wconf 94' lang='grc' dir='ltr'>ΙΙ.</span> <span class='ocrx_word' id='word_1_44' title='bbox 1274 800 1322 836; x_wconf 89' lang='lat' dir='ltr'>a.</span> <span class='ocrx_word' id='word_1_45' title='bbox 1351 785 1484 836; x_wconf 86' lang='lat' dir='ltr'>Chr.</span> <span class='ocrx_word' id='word_1_46' title='bbox 1509 800 1562 836; x_wconf 90' lang='lat' dir='ltr'>n.</span> <span class='ocrx_word' id='word_1_47' title='bbox 1590 785 1807 836; x_wconf 84' lang='lat' dir='ltr'>saeculi</span> <span class='ocrx_word' id='word_1_48' title='bbox 1832 814 1894 822; x_wconf 92' lang='lat'>——-</span> <span class='ocrx_word' id='word_1_49' title='bbox 1919 800 2055 837; x_wconf 89' lang='lat' dir='ltr'>nam</span> <span class='ocrx_word' id='word_1_50' title='bbox 2087 787 2157 837; x_wconf 89' lang='lat' dir='ltr'>de</span> <span class='ocrx_word' id='word_1_51' title='bbox 2182 786 2296 838; x_wconf 76' lang='lat' dir='ltr'>hoc</span> 
     </span>
     <span class='ocr_line' id='line_1_7' title="bbox 319 874 2296 942; baseline -0.001 -14"><span class='ocrx_word' id='word_1_52' title='bbox 319 892 471 928; x_wconf 84' lang='lat' dir='ltr'>nune</span> <span class='ocrx_word' id='word_1_53' title='bbox 508 878 633 927; x_wconf 88' lang='lat' dir='ltr'>solo</span> <span class='ocrx_word' id='word_1_54' title='bbox 672 876 898 942; x_wconf 80' lang='lat' dir='ltr'>agimus</span> <span class='ocrx_word' id='word_1_55' title='bbox 935 906 998 910; x_wconf 92' lang='lat'>—</span> <span class='ocrx_word' id='word_1_56' title='bbox 1035 876 1188 926; x_wconf 87' lang='lat' dir='ltr'>hanc</span> <span class='ocrx_word' id='word_1_57' title='bbox 1221 874 1566 926; x_wconf 86' lang='lat' dir='ltr'>sententiam</span> <span class='ocrx_word' id='word_1_58' title='bbox 1598 874 1848 926; x_wconf 85' lang='lat' dir='ltr'>firmant.</span> <span class='ocrx_word' id='word_1_59' title='bbox 1899 875 1962 926; x_wconf 89' lang='lat' dir='ltr'>In</span> <span class='ocrx_word' id='word_1_60' title='bbox 1992 876 2296 940; x_wconf 86' lang='lat' dir='ltr'>praeclara</span> 
     </span>
     <span class='ocr_line' id='line_1_8' title="bbox 320 963 2294 1030; baseline 0 -14"><span class='ocrx_word' id='word_1_61' title='bbox 320 966 417 1017; x_wconf 92' lang='lat' dir='ltr'>illa</span> <span class='ocrx_word' id='word_1_62' title='bbox 441 966 538 1016; x_wconf 90' lang='lat' dir='ltr'>lite</span> <span class='ocrx_word' id='word_1_63' title='bbox 563 965 813 1016; x_wconf 85' lang='lat' dir='ltr'>filiarum</span> <span class='ocrx_word' id='word_1_64' title='bbox 838 963 1185 1030; x_wconf 85' lang='lat' dir='ltr'>NephoritiS‚</span> <span class='ocrx_word' id='word_1_65' title='bbox 1213 963 1374 1015; x_wconf 84' lang='lat' dir='ltr'>cuius</span> <span class='ocrx_word' id='word_1_66' title='bbox 1406 963 1580 1015; x_wconf 90' lang='lat' dir='ltr'>libelli</span> <span class='ocrx_word' id='word_1_67' title='bbox 1605 964 1762 1015; x_wconf 90' lang='lat' dir='ltr'>haud</span> <span class='ocrx_word' id='word_1_68' title='bbox 1793 964 1873 1015; x_wconf 86' lang='lat' dir='ltr'>ita</span> <span class='ocrx_word' id='word_1_69' title='bbox 1905 964 2022 1015; x_wconf 91' lang='lat' dir='ltr'>rari</span> <span class='ocrx_word' id='word_1_70' title='bbox 2047 971 2294 1029; x_wconf 86' lang='lat' dir='ltr'>exstant,</span> 
     </span>
     <span class='ocr_line' id='line_1_9' title="bbox 321 1052 2295 1120; baseline 0 -14"><span class='ocrx_word' id='word_1_71' title='bbox 321 1057 605 1120; x_wconf 90' lang='lat' dir='ltr'>gemellae</span> <span class='ocrx_word' id='word_1_72' title='bbox 642 1055 699 1106; x_wconf 87' lang='lat' dir='ltr'>in</span> <span class='ocrx_word' id='word_1_73' title='bbox 736 1055 1030 1118; x_wconf 88' lang='grc' dir='ltr'>ἐντεύξει,</span> <span class='ocrx_word' id='word_1_74' title='bbox 1069 1069 1243 1120; x_wconf 91' lang='lat' dir='ltr'>quam</span> <span class='ocrx_word' id='word_1_75' title='bbox 1276 1054 1351 1105; x_wconf 91' lang='lat' dir='ltr'>ad</span> <span class='ocrx_word' id='word_1_76' title='bbox 1383 1069 1586 1120; x_wconf 91' lang='lat' dir='ltr'>regem</span> <span class='ocrx_word' id='word_1_77' title='bbox 1616 1054 1847 1106; x_wconf 89' lang='lat' dir='ltr'>mittunt</span> <span class='ocrx_word' id='word_1_78' title='bbox 1880 1055 2040 1120; x_wconf 86' lang='lat' dir='ltr'>(Pap.</span> <span class='ocrx_word' id='word_1_79' title='bbox 2065 1052 2222 1106; x_wconf 89' lang='lat' dir='ltr'>Leid.</span> <span class='ocrx_word' id='word_1_80' title='bbox 2249 1052 2295 1106; x_wconf 90' lang='lat' dir='ltr'>B</span> 
     </span>
     <span class='ocr_line' id='line_1_10' title="bbox 321 1144 2297 1211; baseline 0 -15"><span class='ocrx_word' id='word_1_81' title='bbox 321 1147 426 1197; x_wconf 87' lang='lat' dir='ltr'>col.</span> <span class='ocrx_word' id='word_1_82' title='bbox 459 1147 536 1196; x_wconf 80' lang='lat' dir='ltr'>3a</span> <span class='ocrx_word' id='word_1_83' title='bbox 573 1146 636 1211; x_wconf 85' lang='lat'>1),</span> <span class='ocrx_word' id='word_1_84' title='bbox 685 1145 1037 1196; x_wconf 87' lang='lat' dir='ltr'>mentionem</span> <span class='ocrx_word' id='word_1_85' title='bbox 1083 1145 1301 1196; x_wconf 81' lang='lat' dir='ltr'>faciunt</span> <span class='ocrx_word' id='word_1_86' title='bbox 1347 1147 1444 1194; x_wconf 83' lang='grc' dir='ltr'>τοῦ</span> <span class='ocrx_word' id='word_1_87' title='bbox 1493 1144 1739 1207; x_wconf 79' lang='grc' dir='ltr'>ὑπομνή</span> <span class='ocrx_word' id='word_1_88' title='bbox 1755 1159 1970 1206; x_wconf 86' lang='grc' dir='ltr'>ματος,</span> <span class='ocrx_word' id='word_1_89' title='bbox 2019 1144 2174 1210; x_wconf 91' lang='lat' dir='ltr'>quod</span> <span class='ocrx_word' id='word_1_90' title='bbox 2222 1145 2297 1196; x_wconf 92' lang='lat' dir='ltr'>ad</span> 
     </span>
     <span class='ocr_line' id='line_1_11' title="bbox 320 1232 2295 1301; baseline -0.001 -14"><span class='ocrx_word' id='word_1_91' title='bbox 320 1236 804 1301; x_wconf 83' lang='lat' dir='ltr'>hypodioecetam</span> <span class='ocrx_word' id='word_1_92' title='bbox 839 1236 1118 1287; x_wconf 87' lang='lat' dir='ltr'>miserant</span> <span class='ocrx_word' id='word_1_93' title='bbox 1155 1237 1282 1301; x_wconf 83' lang='lat' dir='ltr'>(eol.</span> <span class='ocrx_word' id='word_1_94' title='bbox 1315 1235 1415 1299; x_wconf 77' lang='lat' dir='ltr'>Za,</span> <span class='ocrx_word' id='word_1_95' title='bbox 1448 1235 1545 1298; x_wconf 80' lang='lat'>13).</span> <span class='ocrx_word' id='word_1_96' title='bbox 1591 1235 1795 1285; x_wconf 89' lang='lat' dir='ltr'>Eidem</span> <span class='ocrx_word' id='word_1_97' title='bbox 1836 1232 2295 1300; x_wconf 85' lang='lat' dir='ltr'>hypodioecetae</span> 
     </span>
     <span class='ocr_line' id='line_1_12' title="bbox 321 1323 2295 1392; baseline -0.002 -15"><span class='ocrx_word' id='word_1_98' title='bbox 321 1328 606 1392; x_wconf 88' lang='lat' dir='ltr'>gemellae</span> <span class='ocrx_word' id='word_1_99' title='bbox 633 1326 918 1377; x_wconf 81' lang='lat' dir='ltr'>scribunt:</span> <span class='ocrx_word' id='word_1_100' title='bbox 948 1324 1031 1375; x_wconf 89' lang='grc' dir='ltr'>καὶ</span> <span class='ocrx_word' id='word_1_101' title='bbox 1054 1324 1320 1388; x_wconf 85' lang='grc' dir='ltr'>πρότερον</span> <span class='ocrx_word' id='word_1_102' title='bbox 1349 1325 1441 1387; x_wconf 81' lang='grc' dir='ltr'>μὲν</span> <span class='ocrx_word' id='word_1_103' title='bbox 1469 1323 1809 1386; x_wconf 73' lang='grc' dir='ltr'>ἐπεδώκαμεν</span> <span class='ocrx_word' id='word_1_104' title='bbox 1838 1335 1927 1374; x_wconf 90' lang='grc' dir='ltr'>σοι</span> <span class='ocrx_word' id='word_1_105' title='bbox 1953 1323 2295 1387; x_wconf 77' lang='grc' dir='ltr'>ὑπόμνημα</span> 
     </span>
     <span class='ocr_line' id='line_1_13' title="bbox 322 1413 2293 1482; baseline -0.002 -15"><span class='ocrx_word' id='word_1_106' title='bbox 322 1417 479 1482; x_wconf 84' lang='lat' dir='ltr'>(Pap.</span> <span class='ocrx_word' id='word_1_107' title='bbox 505 1416 662 1467; x_wconf 90' lang='lat' dir='ltr'>Leid.</span> <span class='ocrx_word' id='word_1_108' title='bbox 689 1416 751 1479; x_wconf 86' lang='lat' dir='ltr'>E,</span> <span class='ocrx_word' id='word_1_109' title='bbox 779 1418 812 1467; x_wconf 84' lang='lat'>5</span> <span class='ocrx_word' id='word_1_110' title='bbox 838 1438 892 1454; x_wconf 93' lang='lat'><strong><em>=</em></strong></span> <span class='ocrx_word' id='word_1_111' title='bbox 917 1415 1096 1466; x_wconf 74' lang='lat' dir='ltr'>Paris</span> <span class='ocrx_word' id='word_1_112' title='bbox 1123 1415 1203 1478; x_wconf 84' lang='lat'>27,</span> <span class='ocrx_word' id='word_1_113' title='bbox 1228 1416 1297 1480; x_wconf 86' lang='grc'>5),</span> <span class='ocrx_word' id='word_1_114' title='bbox 1331 1422 1390 1466; x_wconf 88' lang='lat' dir='ltr'>at</span> <span class='ocrx_word' id='word_1_115' title='bbox 1417 1413 1543 1479; x_wconf 89' lang='lat' dir='ltr'>regi</span> <span class='ocrx_word' id='word_1_116' title='bbox 1568 1414 1904 1465; x_wconf 89' lang='lat' dir='ltr'>Ptolemaeo</span> <span class='ocrx_word' id='word_1_117' title='bbox 1926 1413 2009 1463; x_wconf 84' lang='grc' dir='ltr'>καὶ</span> <span class='ocrx_word' id='word_1_118' title='bbox 2027 1413 2293 1477; x_wconf 84' lang='grc' dir='ltr'>πρότερον</span> 
     </span>
     <span class='ocr_line' id='line_1_14' title="bbox 324 1503 2293 1569; baseline -0.001 -13"><span class='ocrx_word' id='word_1_119' title='bbox 324 1508 415 1569; x_wconf 87' lang='grc' dir='ltr'>μέν</span> <span class='ocrx_word' id='word_1_120' title='bbox 436 1506 560 1569; x_wconf 80' lang='grc' dir='ltr'>ὑμῖν</span> <span class='ocrx_word' id='word_1_121' title='bbox 581 1505 1072 1568; x_wconf 82' lang='grc' dir='ltr'>ἑπιδημήσασιν,...</span> <span class='ocrx_word' id='word_1_122' title='bbox 1096 1504 1437 1567; x_wconf 78' lang='grc' dir='ltr'>ἐπεδώκαμεν</span> <span class='ocrx_word' id='word_1_123' title='bbox 1459 1503 1634 1553; x_wconf 79' lang='grc' dir='ltr'>ἐντευ</span> <span class='ocrx_word' id='word_1_124' title='bbox 1648 1505 1737 1554; x_wconf 89' lang='grc' dir='ltr'>ξιν</span> <span class='ocrx_word' id='word_1_125' title='bbox 1761 1503 1920 1568; x_wconf 79' lang='lat' dir='ltr'>(Pap.</span> <span class='ocrx_word' id='word_1_126' title='bbox 1935 1503 2114 1555; x_wconf 78' lang='lat' dir='ltr'>Paris,</span> <span class='ocrx_word' id='word_1_127' title='bbox 2127 1503 2209 1566; x_wconf 86' lang='lat'>26,</span> <span class='ocrx_word' id='word_1_128' title='bbox 2224 1503 2293 1567; x_wconf 80' lang='lat'>5).</span> 
     </span>
     <span class='ocr_line' id='line_1_15' title="bbox 320 1592 2299 1660; baseline -0.002 -13"><span class='ocrx_word' id='word_1_129' title='bbox 320 1597 688 1647; x_wconf 86' lang='lat' dir='ltr'>Ptolemaeus</span> <span class='ocrx_word' id='word_1_130' title='bbox 723 1595 989 1646; x_wconf 86' lang='grc' dir='ltr'>Μακεδών</span> <span class='ocrx_word' id='word_1_131' title='bbox 1021 1595 1078 1646; x_wconf 90' lang='lat' dir='ltr'>in</span> <span class='ocrx_word' id='word_1_132' title='bbox 1111 1594 1400 1660; x_wconf 88' lang='lat' dir='ltr'>petitione,</span> <span class='ocrx_word' id='word_1_133' title='bbox 1437 1608 1611 1659; x_wconf 89' lang='lat' dir='ltr'>quam</span> <span class='ocrx_word' id='word_1_134' title='bbox 1644 1592 1949 1658; x_wconf 88' lang='lat' dir='ltr'>Sarapioni</span> <span class='ocrx_word' id='word_1_135' title='bbox 1985 1592 2299 1658; x_wconf 90' lang='lat' dir='ltr'>hypodioe-</span> 
     </span>
     <span class='ocr_line' id='line_1_16' title="bbox 322 1682 2296 1749; baseline -0.003 -11"><span class='ocrx_word' id='word_1_136' title='bbox 322 1694 486 1738; x_wconf 84' lang='lat' dir='ltr'>cetae</span> <span class='ocrx_word' id='word_1_137' title='bbox 529 1685 703 1749; x_wconf 86' lang='lat' dir='ltr'>misit,</span> <span class='ocrx_word' id='word_1_138' title='bbox 750 1685 975 1736; x_wconf 82' lang='lat' dir='ltr'>scribit:</span> <span class='ocrx_word' id='word_1_139' title='bbox 1021 1684 1116 1735; x_wconf 83' lang='grc' dir='ltr'>τόν</span> <span class='ocrx_word' id='word_1_140' title='bbox 1160 1700 1216 1734; x_wconf 92' lang='grc' dir='ltr'>τε</span> <span class='ocrx_word' id='word_1_141' title='bbox 1262 1683 1487 1747; x_wconf 88' lang='grc' dir='ltr'>βασιλέα</span> <span class='ocrx_word' id='word_1_142' title='bbox 1529 1682 1814 1744; x_wconf 84' lang='grc' dir='ltr'>πλεονάκις</span> <span class='ocrx_word' id='word_1_143' title='bbox 1853 1685 1901 1732; x_wconf 92' lang='grc' dir='ltr'>δι</span> <span class='ocrx_word' id='word_1_144' title='bbox 1947 1682 2296 1734; x_wconf 85' lang='grc' dir='ltr'>ἐντεύξεων</span> 
     </span>
     <span class='ocr_line' id='line_1_17' title="bbox 320 1771 2300 1840; baseline -0.002 -14"><span class='ocrx_word' id='word_1_145' title='bbox 320 1776 802 1839; x_wconf 84' lang='grc' dir='ltr'>παρηνοχλήκαμεν</span> <span class='ocrx_word' id='word_1_146' title='bbox 842 1775 1049 1840; x_wconf 83' lang='lat' dir='ltr'>(Vatie.</span> <span class='ocrx_word' id='word_1_147' title='bbox 1075 1775 1132 1827; x_wconf 91' lang='lat' dir='ltr'>V</span> <span class='ocrx_word' id='word_1_148' title='bbox 1168 1789 1301 1840; x_wconf 88' lang='lat' dir='ltr'>pag.</span> <span class='ocrx_word' id='word_1_149' title='bbox 1336 1774 1472 1838; x_wconf 81' lang='lat'>603).</span> <span class='ocrx_word' id='word_1_150' title='bbox 1516 1773 1675 1825; x_wconf 90' lang='lat' dir='ltr'>Idem</span> <span class='ocrx_word' id='word_1_151' title='bbox 1718 1772 1776 1824; x_wconf 88' lang='lat' dir='ltr'>in</span> <span class='ocrx_word' id='word_1_152' title='bbox 1819 1787 2049 1838; x_wconf 84' lang='lat' dir='ltr'>papyro</span> <span class='ocrx_word' id='word_1_153' title='bbox 2093 1771 2300 1823; x_wconf 88' lang='lat' dir='ltr'>Londi-</span> 
     </span>
     <span class='ocr_line' id='line_1_18' title="bbox 321 1861 2296 1930; baseline -0.002 -14"><span class='ocrx_word' id='word_1_154' title='bbox 321 1866 485 1916; x_wconf 91' lang='lat' dir='ltr'>nensi</span> <span class='ocrx_word' id='word_1_155' title='bbox 521 1865 721 1930; x_wconf 85' lang='lat' dir='ltr'>(Lond.</span> <span class='ocrx_word' id='word_1_156' title='bbox 747 1865 770 1916; x_wconf 92' lang='grc' dir='ltr'>Ι</span> <span class='ocrx_word' id='word_1_157' title='bbox 794 1879 927 1930; x_wconf 88' lang='lat' dir='ltr'>pag.</span> <span class='ocrx_word' id='word_1_158' title='bbox 953 1866 985 1915; x_wconf 87' lang='grc'>9</span> <span class='ocrx_word' id='word_1_159' title='bbox 1016 1879 1101 1916; x_wconf 81' lang='lat' dir='ltr'>vs,</span> <span class='ocrx_word' id='word_1_160' title='bbox 1128 1865 1180 1929; x_wconf 84' lang='lat'>5)</span> <span class='ocrx_word' id='word_1_161' title='bbox 1217 1863 1571 1914; x_wconf 89' lang='lat' dir='ltr'>mentionem</span> <span class='ocrx_word' id='word_1_162' title='bbox 1606 1862 1745 1929; x_wconf 75' lang='lat' dir='ltr'>facit</span> <span class='ocrx_word' id='word_1_163' title='bbox 1783 1861 2189 1925; x_wconf 73' lang='grc' dir='ltr'>ἀποδεδομένης</span> <span class='ocrx_word' id='word_1_164' title='bbox 2220 1865 2296 1930; x_wconf 82' lang='grc' dir='ltr'>τῷ</span> 
     </span>
     <span class='ocr_line' id='line_1_19' title="bbox 323 1951 2300 2020; baseline -0.001 -15"><span class='ocrx_word' id='word_1_165' title='bbox 323 1957 532 2019; x_wconf 83' lang='grc' dir='ltr'>βασιλεῖ</span> <span class='ocrx_word' id='word_1_166' title='bbox 570 1955 945 2020; x_wconf 75' lang='grc' dir='ltr'>ἐντεύξεως,</span> <span class='ocrx_word' id='word_1_167' title='bbox 992 1962 1051 2005; x_wconf 87' lang='lat' dir='ltr'>at</span> <span class='ocrx_word' id='word_1_168' title='bbox 1094 1953 1432 2019; x_wconf 91' lang='lat' dir='ltr'>petitionem</span> <span class='ocrx_word' id='word_1_169' title='bbox 1469 1952 1544 2003; x_wconf 89' lang='lat' dir='ltr'>ad</span> <span class='ocrx_word' id='word_1_170' title='bbox 1579 1951 2065 2018; x_wconf 86' lang='lat' dir='ltr'>hypodioecetam</span> <span class='ocrx_word' id='word_1_171' title='bbox 2103 1952 2300 2004; x_wconf 88' lang='lat' dir='ltr'>datam</span> 
     </span>
     <span class='ocr_line' id='line_1_20' title="bbox 323 2041 2302 2110; baseline -0.002 -14"><span class='ocrx_word' id='word_1_172' title='bbox 323 2045 611 2110; x_wconf 81' lang='lat' dir='ltr'>signifieat</span> <span class='ocrx_word' id='word_1_173' title='bbox 655 2045 887 2096; x_wconf 87' lang='lat' dir='ltr'>nomine</span> <span class='ocrx_word' id='word_1_174' title='bbox 931 2046 1042 2094; x_wconf 84' lang='grc' dir='ltr'>τοῦ</span> <span class='ocrx_word' id='word_1_175' title='bbox 1080 2043 1197 2093; x_wconf 78' lang='grc' dir='ltr'>ὑπο</span> <span class='ocrx_word' id='word_1_176' title='bbox 1212 2043 1534 2106; x_wconf 88' lang='grc' dir='ltr'>μνήματος</span> <span class='ocrx_word' id='word_1_177' title='bbox 1579 2041 1781 2107; x_wconf 90' lang='lat' dir='ltr'>(Lond.</span> <span class='ocrx_word' id='word_1_178' title='bbox 1819 2042 1842 2092; x_wconf 95' lang='lat' dir='ltr'>I</span> <span class='ocrx_word' id='word_1_179' title='bbox 1885 2056 2017 2107; x_wconf 88' lang='lat' dir='ltr'>pag.</span> <span class='ocrx_word' id='word_1_180' title='bbox 2061 2042 2137 2104; x_wconf 88' lang='lat'>10,</span> <span class='ocrx_word' id='word_1_181' title='bbox 2180 2042 2202 2093; x_wconf 93' lang='grc'><strong>1</strong></span> <span class='ocrx_word' id='word_1_182' title='bbox 2244 2048 2302 2092; x_wconf 81' lang='lat' dir='ltr'>et</span> 
     </span>
     <span class='ocr_line' id='line_1_21' title="bbox 325 2122 2302 2201; baseline -0.002 -15"><span class='ocrx_word' id='word_1_183' title='bbox 325 2136 400 2198; x_wconf 90' lang='grc'>11,</span> <span class='ocrx_word' id='word_1_184' title='bbox 427 2135 528 2199; x_wconf 80' lang='grc'>24).</span> <span class='ocrx_word' id='word_1_185' title='bbox 567 2135 629 2186; x_wconf 90' lang='lat' dir='ltr'>In</span> <span class='ocrx_word' id='word_1_186' title='bbox 665 2135 940 2201; x_wconf 86' lang='lat' dir='ltr'>petitione</span> <span class='ocrx_word' id='word_1_187' title='bbox 979 2134 1239 2186; x_wconf 87' lang='lat' dir='ltr'>eiusdem</span> <span class='ocrx_word' id='word_1_188' title='bbox 1264 2133 1582 2184; x_wconf 90' lang='lat' dir='ltr'>Ptolemaei</span> <span class='ocrx_word' id='word_1_189' title='bbox 1617 2133 1743 2199; x_wconf 90' lang='lat' dir='ltr'>regi</span> <span class='ocrx_word' id='word_1_190' title='bbox 1767 2133 1962 2196; x_wconf 86' lang='lat' dir='ltr'>missa,</span> <span class='ocrx_word' id='word_1_191' title='bbox 1990 2147 2138 2198; x_wconf 90' lang='lat' dir='ltr'>quae</span> <span class='ocrx_word' id='word_1_192' title='bbox 2172 2122 2302 2184; x_wconf 36' lang='lat' dir='ltr'>eons-</span> 
     </span>
     <span class='ocr_line' id='line_1_22' title="bbox 322 2221 2302 2292; baseline -0.002 -14"><span class='ocrx_word' id='word_1_193' title='bbox 322 2235 558 2278; x_wconf 82' lang='lat' dir='ltr'>servata</span> <span class='ocrx_word' id='word_1_194' title='bbox 573 2236 661 2278; x_wconf 89' lang='lat' dir='ltr'>est</span> <span class='ocrx_word' id='word_1_195' title='bbox 674 2227 730 2278; x_wconf 90' lang='lat' dir='ltr'>in</span> <span class='ocrx_word' id='word_1_196' title='bbox 745 2241 971 2292; x_wconf 87' lang='lat' dir='ltr'>papyro</span> <span class='ocrx_word' id='word_1_197' title='bbox 986 2226 1167 2278; x_wconf 82' lang='lat' dir='ltr'>Lond.</span> <span class='ocrx_word' id='word_1_198' title='bbox 1182 2226 1370 2277; x_wconf 91' lang='lat' dir='ltr'>XXIII</span> <span class='ocrx_word' id='word_1_199' title='bbox 1390 2225 1473 2291; x_wconf 88' lang='lat' dir='ltr'>(C.</span> <span class='ocrx_word' id='word_1_200' title='bbox 1494 2226 1531 2277; x_wconf 93' lang='lat' dir='ltr'>I.</span> <span class='ocrx_word' id='word_1_201' title='bbox 1548 2225 1645 2276; x_wconf 89' lang='lat' dir='ltr'>Gr.</span> <span class='ocrx_word' id='word_1_202' title='bbox 1664 2225 1734 2276; x_wconf 94' lang='grc' dir='ltr'>ΠΙ</span> <span class='ocrx_word' id='word_1_203' title='bbox 1746 2239 1878 2290; x_wconf 89' lang='lat' dir='ltr'>pag.</span> <span class='ocrx_word' id='word_1_204' title='bbox 1894 2225 1988 2276; x_wconf 82' lang='grc'>301</span> <span class='ocrx_word' id='word_1_205' title='bbox 2014 2245 2070 2262; x_wconf 87' lang='lat'>=</span> <span class='ocrx_word' id='word_1_206' title='bbox 2085 2221 2302 2276; x_wconf 89' lang='lat' dir='ltr'>Lond.I</span> 
     </span>
     <span class='ocr_line' id='line_1_23' title="bbox 322 2312 2302 2382; baseline -0.001 -16"><span class='ocrx_word' id='word_1_207' title='bbox 322 2331 453 2381; x_wconf 89' lang='lat' dir='ltr'>pag.</span> <span class='ocrx_word' id='word_1_208' title='bbox 492 2317 594 2382; x_wconf 80' lang='lat'>37),</span> <span class='ocrx_word' id='word_1_209' title='bbox 639 2316 838 2379; x_wconf 79' lang='lat' dir='ltr'>frater,</span> <span class='ocrx_word' id='word_1_210' title='bbox 884 2316 979 2382; x_wconf 83' lang='lat' dir='ltr'>qui</span> <span class='ocrx_word' id='word_1_211' title='bbox 1033 2315 1369 2381; x_wconf 90' lang='lat' dir='ltr'>petitionem</span> <span class='ocrx_word' id='word_1_212' title='bbox 1421 2315 1548 2381; x_wconf 89' lang='lat' dir='ltr'>regi</span> <span class='ocrx_word' id='word_1_213' title='bbox 1598 2315 1816 2379; x_wconf 87' lang='lat' dir='ltr'>obtulit,</span> <span class='ocrx_word' id='word_1_214' title='bbox 1864 2314 2136 2366; x_wconf 87' lang='lat' dir='ltr'>adnotat:</span> <span class='ocrx_word' id='word_1_215' title='bbox 2191 2312 2302 2364; x_wconf 89' lang='grc' dir='ltr'>ἐπέ-</span> 
     </span>
     <span class='ocr_line' id='line_1_24' title="bbox 326 2403 2300 2473; baseline 0 -18"><span class='ocrx_word' id='word_1_216' title='bbox 326 2408 474 2455; x_wconf 84' lang='grc' dir='ltr'>δωκα</span> <span class='ocrx_word' id='word_1_217' title='bbox 510 2407 605 2468; x_wconf 82' lang='grc' dir='ltr'>τὴν</span> <span class='ocrx_word' id='word_1_218' title='bbox 644 2406 923 2457; x_wconf 73' lang='grc' dir='ltr'>ἔντευξιν</span> <span class='ocrx_word' id='word_1_219' title='bbox 961 2410 1035 2473; x_wconf 79' lang='grc' dir='ltr'>τῷ</span> <span class='ocrx_word' id='word_1_220' title='bbox 1078 2407 1287 2469; x_wconf 85' lang='grc' dir='ltr'>βασιλεῖ</span> <span class='ocrx_word' id='word_1_221' title='bbox 1326 2405 1409 2455; x_wconf 82' lang='grc' dir='ltr'>καὶ</span> <span class='ocrx_word' id='word_1_222' title='bbox 1444 2409 1505 2471; x_wconf 86' lang='grc' dir='ltr'>τῇ</span> <span class='ocrx_word' id='word_1_223' title='bbox 1546 2404 1839 2471; x_wconf 83' lang='grc' dir='ltr'>βασιλίσσῃ</span> <span class='ocrx_word' id='word_1_224' title='bbox 1878 2418 2010 2471; x_wconf 90' lang='lat' dir='ltr'>pag.</span> <span class='ocrx_word' id='word_1_225' title='bbox 2037 2405 2103 2456; x_wconf 83' lang='lat'>38</span> <span class='ocrx_word' id='word_1_226' title='bbox 2133 2418 2218 2455; x_wconf 78' lang='lat' dir='ltr'>Vs,</span> <span class='ocrx_word' id='word_1_227' title='bbox 2245 2403 2300 2468; x_wconf 73' lang='lat'>23</span> 
     </span>
     <span class='ocr_line' id='line_1_25' title="bbox 325 2493 2301 2561; baseline -0.001 -16"><span class='ocrx_word' id='word_1_228' title='bbox 325 2496 644 2560; x_wconf 89' lang='lat' dir='ltr'>eodemque</span> <span class='ocrx_word' id='word_1_229' title='bbox 696 2496 870 2546; x_wconf 90' lang='lat' dir='ltr'>modo</span> <span class='ocrx_word' id='word_1_230' title='bbox 916 2495 1141 2547; x_wconf 85' lang='lat' dir='ltr'>scribae</span> <span class='ocrx_word' id='word_1_231' title='bbox 1185 2494 1341 2560; x_wconf 91' lang='lat' dir='ltr'>regis</span> <span class='ocrx_word' id='word_1_232' title='bbox 1386 2495 1611 2546; x_wconf 81' lang='lat' dir='ltr'>dicunt:</span> <span class='ocrx_word' id='word_1_233' title='bbox 1667 2494 1862 2556; x_wconf 84' lang='grc' dir='ltr'>δόντος</span> <span class='ocrx_word' id='word_1_234' title='bbox 1905 2493 2182 2545; x_wconf 79' lang='grc' dir='ltr'>ἔντευξιν</span> <span class='ocrx_word' id='word_1_235' title='bbox 2226 2496 2301 2561; x_wconf 79' lang='grc' dir='ltr'>τῷ</span> 
     </span>
     <span class='ocr_line' id='line_1_26' title="bbox 328 2583 2302 2652; baseline 0.001 -18"><span class='ocrx_word' id='word_1_236' title='bbox 328 2586 536 2647; x_wconf 83' lang='grc' dir='ltr'>βασιλεῖ</span> <span class='ocrx_word' id='word_1_237' title='bbox 587 2586 669 2635; x_wconf 91' lang='grc' dir='ltr'>καὶ</span> <span class='ocrx_word' id='word_1_238' title='bbox 713 2590 773 2650; x_wconf 87' lang='grc' dir='ltr'>τῇ</span> <span class='ocrx_word' id='word_1_239' title='bbox 831 2585 1123 2652; x_wconf 85' lang='grc' dir='ltr'>βασιλίσσῃ</span> <span class='ocrx_word' id='word_1_240' title='bbox 1162 2583 1543 2651; x_wconf 86' lang='grc' dir='ltr'>Πτολεμαίο[υ]</span> <span class='ocrx_word' id='word_1_241' title='bbox 1595 2583 1849 2635; x_wconf 86' lang='grc' dir='ltr'>Γλαυκίου</span> <span class='ocrx_word' id='word_1_242' title='bbox 1900 2586 2052 2650; x_wconf 84' lang='lat' dir='ltr'>(pag.</span> <span class='ocrx_word' id='word_1_243' title='bbox 2093 2585 2173 2645; x_wconf 83' lang='grc'>40,</span> <span class='ocrx_word' id='word_1_244' title='bbox 2215 2584 2302 2648; x_wconf 83' lang='grc'>61)</span> 
     </span>
     <span class='ocr_line' id='line_1_27' title="bbox 325 2674 2304 2742; baseline 0.001 -18"><span class='ocrx_word' id='word_1_245' title='bbox 325 2674 638 2725; x_wconf 84' lang='lat' dir='ltr'>Praeterea</span> <span class='ocrx_word' id='word_1_246' title='bbox 675 2675 703 2737; x_wconf 85' lang='grc' dir='ltr'>ἡ</span> <span class='ocrx_word' id='word_1_247' title='bbox 742 2678 816 2742; x_wconf 82' lang='grc' dir='ltr'>τῷ</span> <span class='ocrx_word' id='word_1_248' title='bbox 859 2676 1068 2739; x_wconf 84' lang='grc' dir='ltr'>βασιλεῖ</span> <span class='ocrx_word' id='word_1_249' title='bbox 1107 2674 1452 2738; x_wconf 90' lang='grc' dir='ltr'>ἐπιδεδομένη</span> <span class='ocrx_word' id='word_1_250' title='bbox 1493 2674 1770 2735; x_wconf 77' lang='grc' dir='ltr'>ἔντευξις</span> <span class='ocrx_word' id='word_1_251' title='bbox 1814 2681 2304 2726; x_wconf 83' lang='lat' dir='ltr'>commemoratur</span> 
     </span>
     <span class='ocr_line' id='line_1_28' title="bbox 327 2763 2303 2830; baseline 0 -16"><span class='ocrx_word' id='word_1_252' title='bbox 327 2763 382 2814; x_wconf 89' lang='lat' dir='ltr'>in</span> <span class='ocrx_word' id='word_1_253' title='bbox 409 2764 639 2829; x_wconf 88' lang='lat' dir='ltr'>Papyro</span> <span class='ocrx_word' id='word_1_254' title='bbox 666 2765 847 2815; x_wconf 89' lang='lat' dir='ltr'>Lond.</span> <span class='ocrx_word' id='word_1_255' title='bbox 875 2765 1054 2827; x_wconf 85' lang='lat' dir='ltr'>XVII,</span> <span class='ocrx_word' id='word_1_256' title='bbox 1082 2764 1142 2815; x_wconf 83' lang='lat'>21</span> <span class='ocrx_word' id='word_1_257' title='bbox 1185 2764 1387 2829; x_wconf 89' lang='lat' dir='ltr'>(Lond.</span> <span class='ocrx_word' id='word_1_258' title='bbox 1413 2764 1436 2814; x_wconf 96' lang='grc' dir='ltr'><strong>Ι</strong></span> <span class='ocrx_word' id='word_1_259' title='bbox 1471 2778 1603 2830; x_wconf 89' lang='lat' dir='ltr'>pag.</span> <span class='ocrx_word' id='word_1_260' title='bbox 1636 2764 1733 2828; x_wconf 88' lang='grc'>10),</span> <span class='ocrx_word' id='word_1_261' title='bbox 1771 2763 1924 2827; x_wconf 88' lang='lat' dir='ltr'>XIX,</span> <span class='ocrx_word' id='word_1_262' title='bbox 1956 2763 2017 2814; x_wconf 85' lang='lat'>12</span> <span class='ocrx_word' id='word_1_263' title='bbox 2054 2763 2254 2827; x_wconf 86' lang='lat' dir='ltr'>(Lond.</span> <span class='ocrx_word' id='word_1_264' title='bbox 2281 2763 2303 2814; x_wconf 83' lang='grc' dir='ltr'>Ι.</span> 
     </span>
     <span class='ocr_line' id='line_1_29' title="bbox 326 2854 2303 2921; baseline 0.001 -17"><span class='ocrx_word' id='word_1_265' title='bbox 326 2870 378 2919; x_wconf 87' lang='lat' dir='ltr'>p.</span> <span class='ocrx_word' id='word_1_266' title='bbox 411 2855 490 2919; x_wconf 83' lang='grc'>17)</span> <span class='ocrx_word' id='word_1_267' title='bbox 523 2855 652 2905; x_wconf 91' lang='lat' dir='ltr'>XLI</span> <span class='ocrx_word' id='word_1_268' title='bbox 678 2855 869 2906; x_wconf 86' lang='lat' dir='ltr'>Verso</span> <span class='ocrx_word' id='word_1_269' title='bbox 907 2871 993 2907; x_wconf 79' lang='lat' dir='ltr'>vs,</span> <span class='ocrx_word' id='word_1_270' title='bbox 1020 2856 1052 2906; x_wconf 85' lang='lat'>2</span> <span class='ocrx_word' id='word_1_271' title='bbox 1089 2856 1339 2919; x_wconf 73' lang='lat' dir='ltr'>(Londl</span> <span class='ocrx_word' id='word_1_272' title='bbox 1375 2869 1507 2921; x_wconf 91' lang='lat' dir='ltr'>pag.</span> <span class='ocrx_word' id='word_1_273' title='bbox 1538 2854 1640 2920; x_wconf 81' lang='lat'>28).</span> <span class='ocrx_word' id='word_1_274' title='bbox 1678 2855 1740 2906; x_wconf 93' lang='lat' dir='ltr'>In</span> <span class='ocrx_word' id='word_1_275' title='bbox 1773 2869 1998 2920; x_wconf 89' lang='lat' dir='ltr'>papyro</span> <span class='ocrx_word' id='word_1_276' title='bbox 2031 2854 2211 2906; x_wconf 75' lang='lat' dir='ltr'>Paris</span> <span class='ocrx_word' id='word_1_277' title='bbox 2237 2855 2303 2906; x_wconf 85' lang='grc'>48</span> 
     </span>
     <span class='ocr_line' id='line_1_30' title="bbox 329 2943 2300 3007; baseline 0 -13"><span class='ocrx_word' id='word_1_278' title='bbox 329 2944 441 2994; x_wconf 91' lang='lat' dir='ltr'>duo</span> <span class='ocrx_word' id='word_1_279' title='bbox 486 2943 697 2995; x_wconf 81' lang='lat' dir='ltr'>fratres</span> <span class='ocrx_word' id='word_1_280' title='bbox 744 2945 975 2996; x_wconf 87' lang='lat' dir='ltr'>tertium</span> <span class='ocrx_word' id='word_1_281' title='bbox 1021 2946 1434 2996; x_wconf 89' lang='lat' dir='ltr'>adhortantur:</span> <span class='ocrx_word' id='word_1_282' title='bbox 1486 2943 1666 3006; x_wconf 73' lang='grc' dir='ltr'>καλῶς</span> <span class='ocrx_word' id='word_1_283' title='bbox 1711 2943 1808 2995; x_wconf 80' lang='grc' dir='ltr'>οὗν</span> <span class='ocrx_word' id='word_1_284' title='bbox 1857 2944 2083 3006; x_wconf 86' lang='grc' dir='ltr'>ποήσεις</span> <span class='ocrx_word' id='word_1_285' title='bbox 2132 2959 2300 3007; x_wconf 86' lang='grc' dir='ltr'>παρα·</span> 
     </span>
     <span class='ocr_line' id='line_1_31' title="bbox 325 3032 2302 3098; baseline 0.001 -16"><span class='ocrx_word' id='word_1_286' title='bbox 325 3034 564 3094; x_wconf 85' lang='grc' dir='ltr'>γίνεσθαι</span> <span class='ocrx_word' id='word_1_287' title='bbox 597 3032 721 3095; x_wconf 82' lang='grc' dir='ltr'>ἡμῖν</span> <span class='ocrx_word' id='word_1_288' title='bbox 757 3034 828 3095; x_wconf 84' lang='grc' dir='ltr'>εἰς</span> <span class='ocrx_word' id='word_1_289' title='bbox 860 3034 1007 3095; x_wconf 83' lang='grc' dir='ltr'>Ποεί,</span> <span class='ocrx_word' id='word_1_290' title='bbox 1043 3033 1121 3084; x_wconf 87' lang='grc' dir='ltr'>ὅτι</span> <span class='ocrx_word' id='word_1_291' title='bbox 1155 3037 1442 3085; x_wconf 84' lang='grc' dir='ltr'>καταπλεῖν</span> <span class='ocrx_word' id='word_1_292' title='bbox 1471 3035 1732 3098; x_wconf 91' lang='grc' dir='ltr'>μέλλομεν</span> <span class='ocrx_word' id='word_1_293' title='bbox 1758 3035 1896 3097; x_wconf 85' lang='grc' dir='ltr'>πρὸς</span> <span class='ocrx_word' id='word_1_294' title='bbox 1927 3035 2022 3084; x_wconf 88' lang='grc' dir='ltr'>τὸν</span> <span class='ocrx_word' id='word_1_295' title='bbox 2062 3033 2302 3097; x_wconf 76' lang='grc' dir='ltr'>βασιλέα,</span> 
     </span>
     <span class='ocr_line' id='line_1_32' title="bbox 329 3122 2303 3192; baseline 0 -19"><span class='ocrx_word' id='word_1_296' title='bbox 329 3122 463 3189; x_wconf 78' lang='grc' dir='ltr'>[ἵνα]</span> <span class='ocrx_word' id='word_1_297' title='bbox 503 3123 762 3186; x_wconf 76' lang='grc' dir='ltr'>ἐπιδῶμεν</span> <span class='ocrx_word' id='word_1_298' title='bbox 801 3122 1084 3176; x_wconf 77' lang='grc' dir='ltr'>ἔντευξιν</span> <span class='ocrx_word' id='word_1_299' title='bbox 1121 3124 1236 3187; x_wconf 81' lang='grc' dir='ltr'>περί</span> <span class='ocrx_word' id='word_1_300' title='bbox 1275 3137 1380 3174; x_wconf 90' lang='grc' dir='ltr'>σου</span> <span class='ocrx_word' id='word_1_301' title='bbox 1418 3127 1493 3192; x_wconf 79' lang='grc' dir='ltr'>τῷ</span> <span class='ocrx_word' id='word_1_302' title='bbox 1531 3125 1740 3187; x_wconf 83' lang='grc' dir='ltr'>βασιλεῖ</span> <span class='ocrx_word' id='word_1_303' title='bbox 1774 3124 1881 3189; x_wconf 80' lang='lat' dir='ltr'>(Vs,</span> <span class='ocrx_word' id='word_1_304' title='bbox 1913 3124 1975 3174; x_wconf 81' lang='lat'>16</span> <span class='ocrx_word' id='word_1_305' title='bbox 2001 3123 2161 3188; x_wconf 88' lang='lat' dir='ltr'>sqq.).</span> <span class='ocrx_word' id='word_1_306' title='bbox 2199 3122 2303 3173; x_wconf 81' lang='lat' dir='ltr'>Pa-</span> 
     </span>
     <span class='ocr_line' id='line_1_33' title="bbox 328 3211 2302 3278; baseline 0 -15"><span class='ocrx_word' id='word_1_307' title='bbox 328 3228 507 3277; x_wconf 89' lang='lat' dir='ltr'>pyrus</span> <span class='ocrx_word' id='word_1_308' title='bbox 544 3214 699 3265; x_wconf 87' lang='lat' dir='ltr'>Leid.</span> <span class='ocrx_word' id='word_1_309' title='bbox 728 3214 781 3265; x_wconf 90' lang='lat' dir='ltr'>D</span> <span class='ocrx_word' id='word_1_310' title='bbox 821 3214 1051 3264; x_wconf 81' lang='lat' dir='ltr'>exhibet</span> <span class='ocrx_word' id='word_1_311' title='bbox 1089 3213 1422 3278; x_wconf 87' lang='lat' dir='ltr'>petitionem</span> <span class='ocrx_word' id='word_1_312' title='bbox 1460 3213 1778 3265; x_wconf 88' lang='lat' dir='ltr'>Ptolemaei</span> <span class='ocrx_word' id='word_1_313' title='bbox 1812 3213 1886 3264; x_wconf 90' lang='lat' dir='ltr'>ad</span> <span class='ocrx_word' id='word_1_314' title='bbox 1922 3211 2302 3277; x_wconf 85' lang='lat' dir='ltr'>Sarapionem</span> 
     </span>
     <span class='ocr_line' id='line_1_34' title="bbox 329 3302 2299 3368; baseline -0.001 -16"><span class='ocrx_word' id='word_1_315' title='bbox 329 3303 539 3366; x_wconf 83' lang='lat' dir='ltr'>datam,</span> <span class='ocrx_word' id='word_1_316' title='bbox 579 3319 690 3368; x_wconf 89' lang='lat' dir='ltr'>quo</span> <span class='ocrx_word' id='word_1_317' title='bbox 728 3304 783 3353; x_wconf 87' lang='lat' dir='ltr'>in</span> <span class='ocrx_word' id='word_1_318' title='bbox 822 3304 1010 3354; x_wconf 88' lang='lat' dir='ltr'>libello</span> <span class='ocrx_word' id='word_1_319' title='bbox 1050 3302 1568 3359; x_wconf 21' lang='lat' dir='ltr'>scribitzffdssrebumd</span> <span class='ocrx_word' id='word_1_320' title='bbox 1597 3315 1686 3353; x_wconf 92' lang='grc' dir='ltr'>σοι</span> <span class='ocrx_word' id='word_1_321' title='bbox 1711 3303 1806 3365; x_wconf 82' lang='grc' dir='ltr'>τὴν</span> <span class='ocrx_word' id='word_1_322' title='bbox 1839 3302 1985 3365; x_wconf 83' lang='grc' dir='ltr'>παρὰ</span> <span class='ocrx_word' id='word_1_323' title='bbox 2017 3303 2113 3351; x_wconf 81' lang='grc' dir='ltr'>τοῦ</span> <span class='ocrx_word' id='word_1_324' title='bbox 2151 3303 2299 3364; x_wconf 87' lang='grc' dir='ltr'>βασι-</span> 
     </span>
     <span class='ocr_line' id='line_1_35' title="bbox 331 3387 2302 3456; baseline 0.001 -16"><span class='ocrx_word' id='word_1_325' title='bbox 331 3391 467 3453; x_wconf 86' lang='grc' dir='ltr'>λέως</span> <span class='ocrx_word' id='word_1_326' title='bbox 504 3393 587 3442; x_wconf 83' lang='grc' dir='ltr'>καὶ</span> <span class='ocrx_word' id='word_1_327' title='bbox 622 3395 716 3453; x_wconf 82' lang='grc' dir='ltr'>τῆς</span> <span class='ocrx_word' id='word_1_328' title='bbox 761 3393 1085 3455; x_wconf 82' lang='grc' dir='ltr'>βασιλίσσης</span> <span class='ocrx_word' id='word_1_329' title='bbox 1130 3387 1749 3456; x_wconf 83' lang='grc' dir='ltr'>κεχρηματισμένην....</span> <span class='ocrx_word' id='word_1_330' title='bbox 1794 3389 2029 3444; x_wconf 80' lang='grc' dir='ltr'>ἔντευξιν</span> <span class='ocrx_word' id='word_1_331' title='bbox 2075 3390 2166 3456; x_wconf 79' lang='lat' dir='ltr'>(cf.</span> <span class='ocrx_word' id='word_1_332' title='bbox 2204 3404 2302 3455; x_wconf 85' lang='lat' dir='ltr'>pa·</span> 
     </span>
     <span class='ocr_line' id='line_1_36' title="bbox 329 3480 2301 3548; baseline 0 -18"><span class='ocrx_word' id='word_1_333' title='bbox 329 3495 508 3545; x_wconf 88' lang='lat' dir='ltr'>pyrus</span> <span class='ocrx_word' id='word_1_334' title='bbox 544 3483 723 3533; x_wconf 88' lang='lat' dir='ltr'>Lond.</span> <span class='ocrx_word' id='word_1_335' title='bbox 766 3483 901 3533; x_wconf 84' lang='lat' dir='ltr'>XXI</span> <span class='ocrx_word' id='word_1_336' title='bbox 938 3498 1068 3547; x_wconf 79' lang='lat' dir='ltr'>pag.</span> <span class='ocrx_word' id='word_1_337' title='bbox 1107 3485 1180 3546; x_wconf 78' lang='lat'>13,</span> <span class='ocrx_word' id='word_1_338' title='bbox 1215 3499 1299 3534; x_wconf 73' lang='lat' dir='ltr'>vs,</span> <span class='ocrx_word' id='word_1_339' title='bbox 1333 3486 1408 3547; x_wconf 63' lang='lat'>513</span> <span class='ocrx_word' id='word_1_340' title='bbox 1452 3483 1649 3548; x_wconf 91' lang='lat' dir='ltr'>petitio</span> <span class='ocrx_word' id='word_1_341' title='bbox 1689 3499 1723 3534; x_wconf 85' lang='lat' dir='ltr'>a</span> <span class='ocrx_word' id='word_1_342' title='bbox 1760 3498 1902 3548; x_wconf 88' lang='lat' dir='ltr'>rege</span> <span class='ocrx_word' id='word_1_343' title='bbox 1939 3482 2188 3547; x_wconf 88' lang='lat' dir='ltr'>probata</span> <span class='ocrx_word' id='word_1_344' title='bbox 2223 3480 2301 3531; x_wconf 90' lang='lat' dir='ltr'>ni-</span> 
     </span>
     <span class='ocr_line' id='line_1_37' title="bbox 329 3568 2298 3637; baseline -0.001 -17"><span class='ocrx_word' id='word_1_345' title='bbox 329 3570 533 3621; x_wconf 89' lang='lat' dir='ltr'>mirum</span> <span class='ocrx_word' id='word_1_346' title='bbox 573 3572 642 3621; x_wconf 76' lang='lat' dir='ltr'>ad</span> <span class='ocrx_word' id='word_1_347' title='bbox 684 3586 814 3621; x_wconf 89' lang='lat' dir='ltr'>eum</span> <span class='ocrx_word' id='word_1_348' title='bbox 852 3572 1036 3635; x_wconf 84' lang='lat' dir='ltr'>ipsum</span> <span class='ocrx_word' id='word_1_349' title='bbox 1078 3572 1255 3622; x_wconf 85' lang='lat' dir='ltr'>missa</span> <span class='ocrx_word' id='word_1_350' title='bbox 1294 3580 1434 3623; x_wconf 86' lang='lat' dir='ltr'>erat.</span> <span class='ocrx_word' id='word_1_351' title='bbox 1474 3572 1550 3622; x_wconf 78' lang='lat' dir='ltr'>At</span> <span class='ocrx_word' id='word_1_352' title='bbox 1576 3572 1793 3623; x_wconf 85' lang='lat' dir='ltr'>Isidoro</span> <span class='ocrx_word' id='word_1_353' title='bbox 1820 3574 1894 3637; x_wconf 81' lang='grc' dir='ltr'>τῷ</span> <span class='ocrx_word' id='word_1_354' title='bbox 1925 3568 2176 3635; x_wconf 85' lang='grc' dir='ltr'>ἐπιστάτῃ</span> <span class='ocrx_word' id='word_1_355' title='bbox 2203 3573 2298 3632; x_wconf 83' lang='grc' dir='ltr'>τῆς</span> 
     </span>
    </p>
   </div>
  </div>
 </body>
</html>
