2496 3996
357 271 417 321 12
1047 284 1112 322 De
1142 285 1422 336 inscriptione
1451 284 1626 336 Syeniti.

353 428 543 489 brosQ
582 425 953 476 Recherches
989 441 1121 492 pag.
1155 427 1271 492 1833
1311 426 1540 490 Mitteis‚
1568 428 1947 481 Reichsrecht
1973 430 2091 481 und
2115 430 2324 482 Volks·
2407 433 2410 435 ’

352 517 515 567 recht
559 529 693 580 pag.
735 515 821 579 48)
872 523 1044 582 atque
1098 531 1301 568 omnes
1345 526 1504 570 recte
1541 526 1866 571 statuerunt
1921 533 2024 571 eos
2066 519 2324 584 singulas
2385 570 2392 574 ,
2443 521 2446 523 Α

351 605 609 671 Aegypti
640 605 911 671 regiones
945 606 1226 658 obeuntes
1258 607 1489 658 nomine
1520 608 1677 673 regis
1708 607 2000 673 litigantes
2033 609 2324 660 audivisse

353 703 409 746 et
444 695 572 746 lites
611 694 1066 760 diiudicavisse1)
1105 696 1195 761 (cf.
1224 695 1410 748 Wolff
1443 698 1476 748 1.
1512 711 1556 748 s,
1590 699 1623 748 1.
1656 712 1789 763 pag,
1822 697 1910 761 403
1947 698 2151 763 Franz,
2192 699 2253 751 C.
2286 699 2324 751 I.

352 785 448 837 Gr.
475 785 561 848 III,
599 799 732 850 pag.
758 785 859 836 295
884 787 1044 852 sqq.).
1085 786 1316 852 Optime
1350 801 1494 838 vero
1531 787 1790 838 condicio
1820 789 2325 842 chrematistarum

353 875 723 940 cognoscitur
768 891 841 926 ex
885 877 1013 926 loco
1052 876 1304 941 quodam
1347 876 1557 941 papyri
1592 876 1724 928 Tor.
1757 877 1810 928 I:
1853 877 2043 943 Supra
2077 878 2326 932 vidimus

350 965 685 1031 petitionem
721 966 779 1016 in
815 980 948 1032 pag.
978 966 1039 1029 II,
1066 968 1099 1016 5
1126 974 1183 1016 et
1209 965 1295 1029 III,
1322 965 1389 1016 24
1421 966 1756 1017 denotatam
1795 967 1984 1019 denuo
2017 982 2052 1018 a
2082 967 2324 1034 Dinone,

351 1063 596 1120 patrono
619 1056 1094 1120 choachytarum,
1115 1055 1642 1120 commemorariV,
1661 1056 1750 1122 25;
1779 1063 1838 1108 at
1857 1057 2280 1123 quamquamll,
2294 1060 2328 1110 5

349 1153 620 1197 narratur
642 1147 739 1207 τὴν
760 1143 994 1198 ἔντευξιν
1017 1144 1348 1208 ἐμβληθῆναι
1375 1144 1448 1206 εἰς
1466 1144 1528 1194 τὸ
1548 1146 1807 1207 προτεθὲν
1828 1145 1932 1196 ὑπὸ
1954 1147 2328 1210 χρηματιστῶν
2412 1171 2415 1173 ·

353 1236 590 1300 ἀγγεῖον,
624 1237 871 1302 legimus
904 1236 962 1287 in
994 1250 1127 1302 pag.
1158 1235 1226 1298 V,
1253 1235 1348 1286 25:
1389 1235 1472 1284 καὶ
1495 1237 2056 1300 παραναγνωσθείσης
2082 1239 2178 1299 τῆς
2201 1253 2329 1301 προ-

353 1325 779 1389 αναλελεγμὲνης
822 1324 1116 1387 ἐντεύξεως
1159 1324 1343 1386 ἔλεγεν
1386 1327 1482 1375 τοῦ
1522 1324 1788 1376 ἀντιδίκου
1829 1325 2329 1390 ἀναπεφωνηκὸτος

353 1416 416 1465 δι’
446 1415 611 1478 αὐτῆς
635 1418 773 1478 τοῖς
801 1417 1193 1479 βασιλεῦσιν.
1247 1416 1338 1467 De
1363 1415 1599 1480 regibus
1627 1424 1800 1468 antea
1823 1418 2007 1468 verba
2030 1431 2147 1468 non
2171 1415 2328 1468 facta

351 1514 511 1557 sunt:
551 1506 655 1557 sed
690 1506 904 1571 petitio,
944 1520 1076 1557 cum
1113 1506 1196 1556 eis
1233 1504 1529 1570 judicibus,
1566 1506 1662 1572 qui
1698 1507 1854 1571 regis
1880 1506 2112 1558 nomine
2136 1506 2226 1558 ius
2253 1507 2329 1558 di·
2388 1527 2394 1537 ·

352 1597 574 1656 cebant,
591 1597 786 1647 oblata
806 1595 892 1659 sit,
909 1595 1187 1661 accipitur
1205 1605 1267 1648 ut
1286 1597 1512 1648 libellus
1527 1597 1602 1648 ad
1621 1612 1822 1663 regem
1839 1597 2030 1662 ipsum
2049 1596 2261 1648 missus
2273 1597 2329 1662 Β).

351 1686 561 1738 Nescio
613 1701 687 1737 an
733 1702 764 1737 e
806 1687 963 1737 nullo
1009 1687 1339 1738 testimonio
1378 1686 1776 1738 condicionem
1821 1686 2330 1738 chrematistarum

351 1776 557 1827 melius
578 1790 903 1841 cognoscas
925 1791 1099 1842 quam
1122 1792 1196 1828 ex
1211 1777 1309 1840 eiS,
1331 1791 1481 1846 quae
1496 1777 1648 1828 Dino
1666 1776 1806 1827 dixit
1818 1776 2156 1842 petitionem
2171 1777 2331 1828 chre-

351 1866 597 1917 matistis
636 1867 891 1917 oblatam
935 1867 1105 1918 simul
1148 1866 1389 1918 missam
1434 1882 1564 1918 esse
1611 1868 1686 1918 ad
1734 1881 1951 1932 regem.
2007 1867 2328 1932 StrateguS,

352 1956 741 2022 epistrategus
790 1965 896 2009 etC.
952 1964 1085 2008 sunt
1131 1957 1534 2023 magistratUS,
1593 1965 1651 2008 at
1707 1956 2117 2008 chrematistae
2165 1957 2332 2023 quasi
2369 2025 2372 2029 .

350 2046 550 2098 vicarii
602 2047 773 2112 regis,
835 2047 918 2098 Illi
964 2047 1286 2113 regionem,
1337 2047 1428 2098 cui
1471 2055 1763 2113 praesunt,
1803 2047 2226 2110 administrant,
2270 2047 2331 2098 hi

350 2137 684 2188 muneribus
732 2138 888 2203 regis
934 2137 1254 2203 funguntur
1300 2153 1407 2203 pro
1457 2151 1613 2202 rege,
1658 2122 1756 2203 'qui
1798 2137 1923 2202 ipse
1961 2151 2164 2188 omnes
2200 2136 2330 2189 lites

352 2227 662 2279 diiudicare
743 2243 860 2278 non
924 2235 1132 2293 potest.
1229 2227 1505 2279 Condicio
1566 2227 2072 2279 chrematistarum
2130 2226 2329 2278 similis

352 2326 440 2368 est
477 2317 798 2368 condicioni
841 2317 1088 2368 Romani
1132 2317 1375 2368 ministri
1420 2332 1454 2368 a
1500 2316 1937 2382 cognitionibUS‚
1977 2331 2329 2382 quamquam

350 2408 444 2458 hic
475 2422 707 2473 semper
734 2408 957 2458 Romae
990 2415 1093 2470 est,
1133 2415 1192 2459 at
1229 2407 1480 2472 collegia
1516 2407 2023 2459 chrematistarum
2059 2406 2329 2472 regiones

352 2506 681 2564 peragrant.
726 2497 916 2549 Nihilo
954 2497 1144 2549 minus
1183 2498 1257 2548 ad
1295 2497 1704 2548 chrematistas
1730 2512 1958 2563 quoque
1985 2497 2232 2563 quadrat
2253 2497 2327 2559 id,

352 2589 505 2654 quod
559 2586 915 2650 Hirschfeld,
973 2588 1500 2652 Untersuchungen
1553 2602 1655 2638 zur
1711 2586 1767 2638 V
1770 2587 2326 2652 erwaltungsgesch.

350 2694 482 2744 pag.
509 2678 623 2741 209,
651 2678 965 2744 disputavit
1003 2700 1024 2722 »
1041 2678 1151 2729 dass
1178 2678 1267 2728 die
1293 2677 1658 2728 Funktionen
1683 2676 1873 2728 dieses
1899 2677 2180 2728 Beamten
2205 2676 2328 2728 sich

353 2768 452 2820 auf
488 2769 578 2819 die
615 2768 982 2834 personliche
1019 2767 1544 2833 Rechtsprechung
1581 2767 1684 2818 des
1722 2766 1962 2818 Kaisers
1998 2766 2326 2818 beziehen«.

354 2859 437 2910 Cf.
473 2873 621 2924 quae
667 2858 779 2909 Dio
817 2859 897 2921 52,
936 2858 1002 2909 33
1050 2858 1454 2909 Maecenatem
1501 2858 1771 2923 Augusto
1812 2858 2155 2908 suadentem
2189 2856 2328 2908 facit

532 2987 563 3036 ¹)
595 2986 662 3026 Cf.
680 2987 955 3025 Ps-Aristeae
985 2987 1118 3038 §111z
1149 2986 1239 3039 πρὸ
1256 2987 1434 3028 πολλοῦ
1453 2986 1504 3027 δὲ
1521 2985 1805 3038 ποιούμενος
1825 2986 1900 3028 καὶ
1915 2985 2232 3038 χρηματιστὰς
2253 2984 2329 3028 καὶ

352 3061 461 3110 τοὺς
502 3059 689 3101 τούτων
727 3060 963 3112 ὑπηρέτας
1003 3060 1198 3103 ἐπέταξε
1237 3061 1358 3102 κατὰ
1399 3060 1589 3113 νομοὺς,
1622 3060 1748 3110 ὅπως
1793 3061 1852 3112 μὴ
1890 3060 2123 3111 πορισμὸν
2155 3058 2328 3111 λαμβά-

351 3146 517 3184 νοντες
550 3135 593 3176 oi
621 3135 826 3187 γεωργοὶ
854 3136 930 3178 καὶ
958 3136 1222 3188 προστάται
1251 3139 1333 3189 τῆς
1363 3135 1547 3187 πόλεως
1578 3135 1810 3178 ἐλαττώσι
1838 3135 1898 3177 τὰ
1926 3137 2126 3187 ταμιεῖα.

529 3210 563 3255 ²)
591 3210 845 3261 Nuperrime
883 3212 989 3250 Otto
1020 3211 1292 3251 Gradenwitz
1327 3213 1371 3251 in
1410 3213 1660 3251 doctissima
1697 3211 2013 3258 dissertatione,
2043 3222 2151 3261 qua-e
2181 3217 2245 3249 est
2274 3208 2327 3248 de

352 3285 637 3323 chromatistis
678 3285 853 3334 (Archiv
884 3286 941 3324 III
969 3299 1038 3338 pg.
1067 3297 1116 3336 33
1139 3289 1261 3338 sqq),
1302 3300 1351 3326 ex
1385 3300 1546 3339 papyro
1577 3287 1677 3326 Tor.
1699 3286 1756 3326 IV
1787 3287 1940 3326 eodem
1971 3286 2099 3325 modo
2131 3285 2325 3336 collegit:

357 3371 423 3395 >es
462 3359 571 3397 kann
611 3359 707 3397 sehr
745 3360 856 3398 wohl
886 3361 953 3399 die
984 3361 1150 3400 sormell
1182 3375 1234 3400 an
1265 3362 1346 3400 den
1377 3363 1520 3413 Konig
1549 3362 1784 3412 gerichtete
1816 3362 2005 3412 Eingabe
2037 3362 2078 3400 in
2108 3361 2183 3400 der
2215 3360 2326 3399 That

353 3432 415 3469 fiir
446 3434 511 3470 die
545 3434 861 3472 Flu-ematisten
890 3436 1110 3474 bestimmt
1140 3449 1338 3486 gewesen
1357 3469 1365 3478 .
1384 3467 1417 3476 ..
1449 3437 1552 3484 sein,
1582 3449 1652 3475 um
1683 3449 1766 3474 von
1796 3437 1923 3490 innen
1952 3436 2063 3475 kraft
2093 3435 2327 3488 genereller

353 3506 606 3556 Delegation
640 3509 774 3547 sosort
805 3510 846 3547 in
867 3509 1142 3560 Behandlung
1163 3523 1419 3561 genommen
1442 3523 1490 3548 zu
1511 3509 1718 3548 werden«
1760 3509 1880 3561 Quae
1903 3510 2114 3548 sententia
2136 3509 2326 3548 Graden—

355 3582 479 3618 witzii
509 3589 653 3619 nostra
684 3585 935 3632 quaestione
966 3585 1126 3634 optime
1158 3584 1440 3622 confirmatur.
