2496 3996
513 283 744 334 Cleopatra
771 282 810 320 II
837 283 880 320 in
908 251 1183 333 praescriptis
1212 294 1468 333 papyrorum
1499 282 1761 321 Graecorum
1789 290 1888 334 post
1918 297 1953 322 a.
1986 283 2070 322 116.
2202 270 2269 320 43

302 434 494 477 autem
533 432 588 475 et
622 423 861 488 papyris
887 423 1124 488 Boula'q.
1158 430 1392 487 praeter
1428 421 1571 484 ἱερὸν
1597 424 1782 472 πῶλον
1804 423 2009 485 Ἴσιδος
2037 425 2265 487 μεγάλης

302 515 500 578 μητρὸς
553 517 693 564 Θεῶν
748 513 923 587 etiam
974 512 1083 563 tria
1135 512 1370 577 propria
1422 512 1747 563 sacerdotia
1797 513 2142 578 Cleopatrae
2196 515 2268 565 III

300 610 848 655 commemorantur:
899 603 940 653 1.
968 617 1117 667 quae
1142 609 1335 666 portat
1361 616 1636 652 coronam
1658 601 2017 666 Cleopatrae,
2044 604 2089 654 2.
2118 618 2264 668 quae

298 699 491 758 portat
513 692 709 758 ignem
729 692 1091 757 Cleopatrae,
1117 692 1164 742 3.
1191 689 1468 742 sacerdos
1490 690 1852 756 Cleopatrae.
1891 692 2052 755 Quae
2078 707 2265 743 sacer-

298 782 463 833 dotes
523 782 868 847 Cleopatrae
915 782 987 832 III
1043 781 1101 832 in
1158 780 1396 846 papyris
1443 781 1680 845 Boulaq.
1736 780 1883 830 inter
1931 782 2266 832 sacerdotes

298 878 621 922 ceterarum
669 871 1002 936 reginarum
1038 870 1120 921 sic
1154 870 1582 932 intercalantur‚
1619 877 1682 919 ut
1717 869 1810 919 hic
1847 870 1987 920 ordo
2027 870 2263 922 oriatur:

476 959 619 1023 ἱερὸς
652 962 838 1021 πῶλος
875 958 1081 1020 Ἴσιδος
1107 960 1183 1024 <Ξ
1212 959 1558 1024 Cleopatrae
1593 959 1659 1022 II)

654 1064 802 1115 quae
838 1056 1032 1114 portat
1070 1063 1345 1099 coronam
1383 1047 1730 1113 Cleopatrae
1766 1048 1850 1100 III.

406 1133 413 1136 “
477 1138 798 1202 ἀθλοφόρος
836 1137 1115 1201 Βερενίκης

653 1243 800 1295 quae
836 1235 1030 1294 portat
1064 1228 1260 1293 ignem
1299 1227 1649 1292 Cleopatrae
1684 1227 1754 1277 III

475 1318 793 1381 κανηφόρος
829 1317 1120 1380 Ἀρσινόης
1159 1317 1510 1380 Φιλαδέλφου

0 1471 26 1476 „
652 1408 928 1458 sacerdos
966 1405 1313 1471 Cleopatrae
1349 1406 1420 1456 III

0 1478 27 1593 ἓ
287 1518 290 1521 “
472 1498 749 1548 sacerdos
780 1495 1072 1559 Ἀρσινόης
1110 1494 1502 1558 Φιλοπάτορος.

0 1592 20 1643 ἢ

0 1726 8 1761 ι

473 1586 838 1652 Quamquam
879 1587 1005 1652 ipse
1048 1587 1141 1638 hic
1178 1575 1320 1638 ordo
1358 1587 1727 1638 sacerdotum
1762 1587 1820 1637 in
1856 1601 2081 1652 papyro
2107 1587 2265 1638 Vati-

292 1690 437 1728 cano
485 1664 740 1728 mutatus
785 1683 887 1740 est,
936 1684 1134 1728 tamen
1168 1677 1403 1728 nomina
1439 1677 1645 1728 eadem
1680 1677 2047 1728 inveniuntur
2091 1684 2263 1742 atque

289 1765 347 1817 in
398 1781 602 1831 papyr.
645 1767 881 1832 Boulaq.
942 1766 1119 1831 Igitur
1160 1766 1215 1817 in
1261 1767 1484 1817 duobus
1527 1766 1636 1817 illis
1672 1766 1910 1831 papyris
1950 1766 2263 1829 demoticis,

291 1856 385 1922 qui
436 1856 544 1908 soli
592 1856 864 1908 exhibent
912 1855 1056 1919 ἱερὸν
1103 1857 1289 1906 πῶλον
1323 1855 1529 1917 Ἴσιδος
1578 1855 1809 1919 μεγάλης
1860 1856 2058 1919 μητρὸς
2110 1858 2264 1916 Θεῶν,

287 1953 594 2011 praeterea
638 1946 749 1997 tria
795 1946 1122 1997 sacerdotia
1154 1946 1500 2012 Cleopatrae
1545 1947 2068 2012 deprehenduntur,
2115 1961 2264 2011 quae

291 2034 530 2101 papyris
589 2035 829 2087 Graecis
881 2036 1081 2101 ignota
1138 2043 1271 2087 sunt
1292 2042 1309 2087 :'
1363 2043 1421 2087 at
1471 2036 1657 2086 maior
1718 2051 1856 2102 pars
1908 2050 2264 2101 papyrorum

294 2124 711 2176 demoticorum
746 2141 818 2176 ne
855 2124 998 2188 <ἱερὸν
1035 2127 1221 2176 πῶλον
1243 2123 1449 2187 Ἴσιδος
1486 2125 1716 2190 quidem
1750 2125 2023 2176 nominat.
2067 2125 2265 2189 Itaque

292 2222 355 2266 ut
379 2215 436 2265 in
463 2215 700 2280 papyris
721 2215 962 2267 Graecis
991 2231 1221 2281 semper
1250 2216 1569 2280 eodemque
1597 2216 1726 2266 loco
1749 2222 1940 2266 exstat
1967 2214 2264 2280 proprium

294 2304 683 2355 sacerdotium
728 2304 1075 2371 Cleopatrae
1123 2306 1184 2368 II,
1232 2305 1312 2356 ita
1354 2305 1412 2356 in
1457 2304 1757 2356 demoticis
1800 2320 1934 2355 raro
1978 2303 2265 2354 invenitur

294 2401 351 2444 et
387 2408 619 2460 semper
656 2395 1022 2467 coniunctum
1054 2410 1184 2446 cum
1213 2395 1395 2446 tribus
1428 2394 1767 2446 sacerdotiis
1802 2394 2147 2459 Cleopatrae
2178 2393 2264 2456 III,

295 2498 456 2548 ergo
500 2491 570 2534 ut
618 2483 791 2547 ἱερὸς
837 2486 1051 2552 πῶλος
1091 2484 1336 2553 Ἴσιδος
1382 2484 1656 2548 μεγάλης
1706 2484 1941 2547 μητρὸς
1990 2486 2152 2534 Θεῶν
2200 2483 2264 2533 in

293 2573 745 2639 praescriptis
782 2589 1197 2640 papyrorum
1226 2575 1648 2626 Graecorum
1683 2574 1812 2625 fuit
1842 2588 2000 2639 pars
2031 2588 2264 2624 neces-

295 2663 497 2726 saria,
536 2679 684 2730 quae
711 2680 1026 2730 numquam
1059 2665 1240 2716 omitti
1271 2665 1469 2730 potuit,
1503 2664 1599 2715 ita
1633 2664 1698 2714 in
1733 2663 2015 2729 papyris
2046 2663 2265 2713 demo-

294 2751 448 2803 ticis
486 2767 565 2803 ex
601 2753 880 2805 libidine
917 2755 1026 2805 vel
1064 2754 1218 2805 addi
1253 2755 1363 2805 vel
1401 2753 1618 2804 omitti
1654 2755 1887 2819 potuit.

476 2842 638 2905 Quae
674 2858 769 2894 res
807 2843 1068 2908 separari
1109 2859 1225 2894 non
1269 2851 1461 2908 potest
1514 2843 1585 2894 ab
1632 2844 1828 2903 altera,
1878 2857 2051 2908 quam
2089 2856 2265 2906 supra

211 2945 212 2948 ¹
295 2930 599 2982 statuimus
623 2940 757 2997 post
781 2940 1028 2984 mortem
1053 2932 1370 2984 Ptolemaei
1395 2933 1538 2995 VIII,
1567 2947 1918 2998 quamquam
1943 2932 1998 2982 in
2026 2929 2263 2996 papyris

297 3018 594 3070 demoticis
658 3021 1114 3072 conservabatur
1173 3036 1448 3072 numerus
1502 3021 1739 3086 pluralis
1794 3021 2034 3072 deorum
2087 3021 2263 3070 Bene-

218 3163 220 3165 *
294 3105 554 3171 ficorum,
615 3109 875 3161 Graecos
928 3125 1067 3161 usos
1118 3126 1246 3162 esse
1295 3110 1575 3176 singulari
1621 3113 1716 3160 τοῦ
1771 3112 1897 3161 θεοῦ
1956 3108 2262 3171 Εὐεργέτου.

296 3194 460 3246 Nunc
493 3196 609 3247 iam
645 3206 783 3262 puto
822 3199 1014 3250 omnia
1038 3200 1346 3265 perspicua
1372 3215 1523 3252 esse:
1561 3201 1624 3250 In
1659 3200 1940 3265 papyris
1978 3197 2263 3249 Graecis

298 3284 778 3338 discernuntur
834 3287 1042 3350 ἱερεὺς
1090 3287 1495 3353 Πτολεμαίου
1549 3288 1900 3351 Εὐεργέτου
1971 3294 2032 3337 et
2092 3286 2263 3348 ἱερὸς

296 3374 774 3437 πῶλοςἼσιδος
814 3377 1086 3439 μεγάλης
1125 3379 1358 3441 μητρὸς
1392 3382 1553 3430 Θεῶν
1581 3379 1632 3444 (i.
1660 3394 1705 3430 e.
1735 3379 2145 3442 Cleopatrae
2179 3376 2261 3439 II),

297 3462 361 3519 in
409 3465 692 3533 papyris
742 3466 1100 3517 demoticis
1150 3468 1350 3519 etiam
1404 3476 1559 3533 post
1603 3483 1845 3519 annum
1895 3467 1987 3517 116
2030 3482 2078 3516 a.
2115 3465 2262 3516 Chr.

297 3557 492 3609 uxori
553 3564 616 3607 et
669 3556 913 3607 marito
967 3557 1206 3609 unicus
1261 3559 1586 3610 sacerdos
1643 3558 1933 3622 (scilicet
1986 3557 2262 3606 deorum
