2496 3996
273 281 340 331 28
975 293 1042 331 De
1072 294 1352 344 inscriptione
1383 293 1558 344 Sienyti.

452 436 571 486 Iam
626 434 857 500 expedit
911 448 995 492 ea,
1049 449 1198 500 quae
1250 434 1543 500 inscriptio
1594 435 1800 498 docuit,
1849 436 2049 500 paucis
2098 451 2248 487 com-

271 525 649 591 prehendere.
691 525 979 576 Nonnulla
1013 524 1396 574 instrumenta
1430 524 1674 589 publica,
1713 540 1860 591 quae
1885 526 2249 591 pertinebant

273 616 347 666 ad
383 615 716 680 petitionem
754 614 1138 675 sacerdotum,
1177 613 1505 665 discernere
1540 615 1715 666 licuit:

458 705 498 755 l.
539 703 844 768 epistulam
892 702 1218 768 petitoriam
1264 718 1297 753 a
1335 703 1733 756 sacerdotibus
1783 706 2036 757 oblatam
2085 706 2248 758 Cleo·
2316 716 2318 721 “
2396 727 2397 730 “
2448 674 2450 678 ⁷

272 801 475 859 patrae
530 793 766 858 eiusque
817 792 935 843 filio
982 813 1037 829 ==
1064 807 1109 842 c.
1183 791 1358 843 Cuius
1404 792 1700 857 epistulae,
1755 810 1904 860 quae
1938 795 2067 860 ipsa
2120 811 2250 846 con-

273 884 618 934 servabatur
654 882 711 932 in
746 882 1030 933 tabulario
1068 881 1245 947 regiO,
1286 883 1555 947 exempla
1590 883 1771 935 missa
1806 891 1938 935 sunt

544 972 597 1036 α)
636 979 895 1036 stratego

517 1062 596 1127 ’β)
635 1061 1003 1128 magistratui
1038 1061 1243 1111 minori

544 1155 594 1216 γ)
633 1151 1048 1203 sacerdotibus,
1987 1201 1989 1203 ,

453 1243 499 1294 2.
539 1242 845 1308 epistulam
880 1241 1036 1307 regis
1074 1241 1148 1292 ad
1173 1249 1495 1307 strategum
1522 1242 1732 1306 datam,
1761 1242 1849 1293 cui
1876 1242 2101 1294 adiecta
2126 1251 2251 1295 erat

273 1332 469 1398 petitio
507 1333 876 1384 sacerdotum
915 1354 968 1368 Ξ
989 1332 1024 1382 b
1046 1331 1102 1390 *r
1125 1331 1213 1396 [cJ.
1264 1332 1433 1395 Quod
1458 1332 1706 1384 edictum
1730 1332 1920 1398 ipsum
1947 1348 2253 1384 conserva-

273 1424 443 1474 batur
489 1423 548 1474 in
594 1423 878 1474 tabulario
927 1422 1183 1487 strategi,
1230 1422 1465 1487 eiusque
1517 1423 1860 1488 apographa
1903 1423 2083 1474 missa
2119 1431 2252 1474 sunt

546 1514 599 1577 α)
638 1512 1039 1564 sacerdotibus

547 1603 597 1668 β)
636 1602 1002 1668 magistratui
1038 1602 1259 1653 minori.

454 1694 500 1744 3.
538 1684 886 1758 responsum
922 1692 1078 1757 regis
1116 1691 1515 1743 sacerdotibus
1552 1691 1808 1751 missum,
1848 1691 1937 1742 cui
1964 1692 2253 1743 adiectum

275 1791 400 1834 erat
438 1782 687 1833 edictum
722 1782 947 1847 regium
985 1781 1059 1832 ad
1096 1788 1419 1846 strategum
1458 1802 1511 1817 =
1539 1780 1894 1846 a—k-[b-l-c}

454 1873 500 1923 4.
540 1872 789 1923 edictum
833 1871 1075 1936 strategi
1123 1871 1198 1921 ad
1240 1871 1646 1936 magistratum
1693 1871 1991 1934 minorem,
2031 1871 2121 1923 cui
2159 1872 2254 1922 ad-

274 1963 485 2014 iectum
524 1970 648 2014 erat
686 1963 935 2013 edictum
971 1961 1127 2026 regis
1165 1962 1239 2013 ad
1276 1968 1599 2026 strategum
1638 1961 2116 2026 =d¹)-{-[b-1†c].

455 2053 737 2105 Videmus
773 2053 946 2118 igitur
981 2067 1153 2118 reges
1192 2052 1534 2118 AegyptiOS,
1589 2051 1685 2102 ubi
1732 2051 2067 2117 petitionem
2104 2067 2254 2104 com-

274 2145 684 2209 probaverunt,
722 2159 837 2195 non
875 2145 1048 2195 modo
1076 2143 1174 2206 eiS,
1208 2143 1303 2208 qui
1329 2143 1636 2208 epistulam
1661 2142 1988 2208 petitoriam
2014 2139 2255 2208 scripse-

274 2242 420 2297 rant,
459 2235 564 2285 sed
603 2234 775 2285 etiam
813 2233 1383 2299 eis'magistratibUS,
1423 2233 1497 2284 ad
1534 2248 1679 2298 quos
1712 2247 1892 2284 causa
1915 2232 2253 2298 pertinebat,

274 2323 661 2389 rescripsisse.
751 2323 927 2374 Cuius
981 2338 1121 2374 usus
1176 2319 1370 2386 causa,
1425 2331 1703 2388 quantum
1758 2337 1868 2388 ego
1924 2322 2254 2375 existimare

274 2429 531 2478 possum,
571 2421 775 2478 aperta
813 2421 869 2464 et
905 2414 1213 2478 perspicua
1251 2422 1366 2465 est:
1433 2429 1568 2464 nam
1619 2429 1750 2465 cum
1798 2428 1902 2464 rex
1941 2422 1997 2465 et
2029 2413 2127 2477 eis,
2160 2414 2255 2479 qui

275 2503 549 2569 petitione
603 2518 735 2554 eum
784 2503 1058 2566 adierant,
1109 2511 1166 2554 et
1224 2503 1658 2568 magistratibus
1708 2502 1917 2566 scribit,
1975 2502 2254 2568 impedire

276 2597 482 2659 studet,
531 2611 603 2646 ne
659 2611 807 2661 quae
854 2595 1137 2661 particula
1187 2596 1274 2647 sui
1323 2596 1491 2646 edicti
1535 2603 1802 2647 mutetur.
1898 2595 2032 2647 Sine
2083 2594 2252 2646 dubio

274 2701 560 2752 persaepe
596 2694 716 2737 tam
753 2686 1213 2752 magistratuum,
1265 2693 1467 2737 contra
1510 2701 1655 2751 quos
1691 2699 2123 2750 nonnumquam
2160 2700 2254 2750 pe-

274 2776 504 2827 titiones
553 2777 627 2826 ad
674 2790 874 2841 regem
925 2776 1095 2827 datae
1134 2783 1311 2838 erant,
1349 2776 1624 2826 intererat
1671 2774 1891 2826 iussum
1939 2774 2095 2840 regis
2138 2790 2253 2825 non

276 2866 511 2930 exigere
549 2880 722 2931 quam
761 2881 975 2929 corum,
1014 2866 1109 2931 qui
1145 2866 1271 2930 regi
1305 2866 1526 2916 litteras
1559 2865 1858 2930 petitorias
1884 2865 2252 2930 scripserunt,

274 2963 501 3006 mutare
550 2955 895 3006 sententiam
934 2955 1103 3006 edicti
1139 2956 1296 3020 regii.
1359 2955 1526 3019 Quod
1562 2971 1634 3006 ne
1671 2954 1852 3017 fieret,
1903 2970 2007 3006 rex
2045 2954 2253 3020 duplici

274 3045 370 3096 via
418 3060 559 3096 usus
609 3052 663 3096 et
712 3045 1145 3110 magistratibus
1195 3054 1250 3096 et
1294 3045 1392 3108 eiS,
1443 3045 1538 3111 qui
1585 3044 1919 3110 petitionem
1959 3045 2251 3108 miserant,

274 3134 596 3186 rescribere
635 3135 873 3186 solebat.

456 3225 666 3276 Similis
713 3241 854 3276 usus
890 3225 1029 3276 mihi
1065 3225 1306 3276 innotuit
1345 3241 1416 3275 ex
1453 3225 1742 3276 nonnullis
1780 3225 2055 3290 epistuliS,
2107 3240 2251 3290 quas

274 3314 590 3379 imperator
603 3316 998 3367 Romanorum
1018 3316 1370 3380 supplicibus
1391 3315 1631 3367 subditis
1653 3315 1895 3381 scripsit.
1922 3315 2252 3367 Hadrianus

274 3404 474 3455 incolis
507 3405 1376 3471 Stratoniceae·Had1-ianopolis
1407 3406 1564 3457 urbis
1604 3406 1661 3456 in
1703 3406 1888 3470 Lydia
1931 3405 2074 3457 sitae
2117 3404 2252 3470 peti-

456 3590 487 3639 ¹)
520 3591 638 3628 Vcrs.
670 3599 712 3640 51
749 3592 940 3642 significo
972 3593 1111 3630 littera
1141 3593 1179 3633 d.

2445 0 2453 10 .

2474 156 2496 180 „C
2488 138 2493 147 ι
2466 106 2496 125 ,ηι
2466 0 2496 94 ..ιῖΊᾶ
