2496 3996
806 276 873 314 De
901 276 1180 327 petitionibus
1210 277 1263 314 ad
1292 289 1435 328 regem
1464 278 1619 316 missis.
2160 268 2192 317 3

229 405 526 471 vexentur.
553 418 680 468 Rex
699 417 948 482 primum
971 417 1166 468 scribit
1185 418 1384 468 Locho
1406 421 1480 484 τῷ
1513 424 1792 487 στρατηγῷ
1824 422 1892 471 de
1918 422 2190 486 petitione

228 506 622 572 sacerdotum3
659 514 782 557 tum
815 506 1213 557 sacerdotibus
1245 508 1648 572 apographum
1683 509 1961 573 epistulae
1993 511 2190 561 Locho

227 595 479 662 scriptae
515 595 698 647 mittit.
746 581 873 647 Rex
920 596 1094 661 igitur
1139 603 1194 647 et
1237 596 1293 646 in
1343 611 1567 661 papyro
1611 598 1767 649 Leid.
1806 599 1858 650 G
1913 608 1968 650 et
2013 600 2070 650 in
2115 601 2192 651 in-

226 670 538 751 scriptione
562 686 738 737 Philis
762 694 996 751 reperta
1014 686 1301 751 rogationi
1324 686 1404 737 ita
1424 686 1719 750 satisfacit,
1746 695 1807 738 ut
1830 690 2193 754 magistratui

228 777 634 842 apographum
676 776 964 841 petitionis
1012 776 1200 826 mittat
1248 775 1412 840 eique
1458 775 1723 841 imperet,
1772 784 1834 828 ut
1877 779 2192 830 secundum

182 890 187 898 ·
226 873 635 932 argumentum
672 866 1151 931 petitionis-agat.
1343 927 1348 932 .

408 955 602 1021 Atque
648 971 711 1007 re
758 971 902 1006 Vera
938 971 1127 1021 regeS,
1186 956 1234 1006 si
1279 955 1614 1021 petitionem
1653 957 2192 1021 comprobaverunt,

229 1060 462 1111 semper
497 1046 608 1096 hac
643 1045 740 1096 via
777 1060 846 1096 ac
881 1045 1102 1096 ratione
1140 1045 1528 1111 respondendi
1558 1061 1697 1099 usos
1735 1061 1880 1108 esse,
1916 1046 2194 1112 imprimis

228 1135 515 1187 formulae
542 1151 646 1186 eae
668 1135 890 1198 docent,
920 1150 1064 1200 quas
1093 1135 1250 1185 cives
1278 1135 1568 1200 supplices
1601 1136 1873 1187 adhibere
1899 1136 2193 1187 solebant:

230 1225 368 1290 Pap.
406 1224 562 1276 Leid.
588 1225 650 1287 B,
677 1225 770 1288 2a,
802 1225 863 1276 18
889 1240 1008 1290 sqq.
1034 1240 1044 1276 :
1084 1223 1315 1287 δεόμεθα
1342 1223 1439 1274 οὗν
1464 1223 1616 1287 ὑμῶν
1638 1265 1647 1275 .
1668 1266 1676 1274 .
1700 1266 1709 1276 .
1749 1225 1841 1275 ἐὰν
1879 1224 2002 1288 ὑμῖν
2042 1226 2192 1290 δοκῇ,

321 1314 636 1364 ἀποστεῖλαι
680 1314 833 1377 ἡμῶν
875 1311 969 1377 τὴν
1015 1314 1242 1365 ἔντευξιν
1289 1313 1367 1364 ἐπὶ
1411 1314 1711 1365 Διονύσιον
1754 1316 1860 1366 τῶν
1900 1315 2075 1378 φίλων
2113 1321 2197 1366 καὶ

141 1471 151 1477 ἡ
322 1403 639 1467 στρατηγόν,
679 1403 828 1465 ὅπως
850 1445 858 1454 .
881 1445 891 1455 .
916 1445 955 1454 ..

227 1493 367 1559 Pap.
404 1493 582 1544 Paris,
609 1493 688 1556 26,
715 1494 812 1545 37:
852 1494 1083 1557 δεόμεθα
1116 1493 1212 1544 οὖν
1250 1494 1400 1557 ὑμῶν
1563 1493 1877 1544 ἀποστεῖλαι
1914 1493 2064 1557 ἡμῶν
2101 1496 2195 1557 τήν

321 1581 549 1634 ἔντευξιν
587 1582 666 1633 ἐπὶ
697 1583 996 1634 Διονύσιον
1034 1585 1142 1633 τῶν
1171 1583 1347 1646 φίλων
1384 1571 1469 1633 ’καὶ
1501 1582 1817 1646 στρατηγόν,
1853 1581 2128 1645 ὅπως....

230 1671 363 1723 Ibid.
388 1672 468 1735 29,
499 1673 591 1724 18:
631 1668 862 1735 δεόμεθα
899 1673 1050 1736 ὑμῶν
1086 1674 1194 1724 τῶν
1234 1655 1667 1736 μεγίστωνθεῶν
1694 1672 2009 1723 ἀποστεῖλαι
2045 1673 2196 1736 ἡμῶν

319 1757 414 1824 τὴν
441 1762 668 1812 ἔντευξιν
697 1762 776 1812 ἐπὶ
801 1762 1101 1813 Διονύσιον
1126 1764 1234 1813 τῶν
1265 1763 1441 1826 φίλων
1468 1764 1552 1813 καὶ
1580 1759 1899 1826 στρατηγόν,
1924 1762 2073 1824 ὅπως
2093 1804 2102 1813 .
2125 1804 2134 1812 .
2156 1804 2164 1812 .
2188 1805 2197 1812 .

230 1851 511 1903 Amherst
546 1852 683 1918 Pap.
710 1852 770 1914 ΙΙ,
797 1853 877 1915 33,
904 1853 1000 1904 21:
1049 1853 1256 1916 δεόμεθ’
1302 1852 1451 1915 ὑμῶν
1494 1854 1602 1903 τῶν
1651 1852 1912 1916 μεγίστων
1957 1839 2125 1913 θεων,
2157 1853 2199 1903 εἰ

321 1940 445 2004 ὑμῖν
474 1944 643 2002 δοκεῖ,
683 1940 998 1992 ἀποστεῖλαι
1029 1941 1180 2004 ἡμῶν
1205 1938 1298 2004 τήν
1328 1942 1554 1993 ἔντευξιν
1581 1942 1660 1992 ἐπὶ
1694 1944 1823 2004 τοὺς
1856 1942 2054 2004 αὐτοὺς
2078 1959 2198 2006 χρη-

325 2012 601 2094 ματιστᾶς,
641 2029 914 2093 ὅπως....

232 2120 369 2185 Pap.
395 2120 573 2171 Paris.
600 2121 680 2183 38,
712 2122 803 2172 17;
842 2121 1029 2184 δέομαι
1066 2120 1215 2182 ὑμῶν
1255 2120 1570 2193 ἀποστεῖλαί
1603 2136 1702 2182 μου
1735 2116 1827 2181 τὴν
1854 2119 2080 2171 ἔντευξιν
2119 2122 2199 2171 ἐπὶ

322 2208 662 2276 Διο[νύσ]ιον
699 2211 807 2260 τῶν
843 2210 1019 2273 φίλων
1058 2211 1140 2260 καὶ
1179 2209 1493 2272 στρατηγόν,
1532 2207 1804 2270 ὅπως....

231 2301 369 2366 Pap.
402 2300 582 2352 PariS.
615 2301 689 2363 14,
716 2301 808 2351 31;
859 2300 1045 2363 δέομαι
1092 2300 1244 2363 ὑμῶν
1291 2300 1398 2350 τῶν
1446 2299 1707 2361 μεγίστων
1753 2302 1891 2351 θεῶν
1937 2302 2019 2350 καὶ
2061 2317 2198 2363 νικη-

323 2385 534 2452 φόρων,
569 2389 610 2439 εἰ
643 2389 766 2452 ὑμῖν
795 2392 964 2451 δοκεῖ,
992 2389 1299 2452 ἀναπέμψαι
1336 2405 1434 2452 μου
1467 2385 1561 2451 τὴν
1589 2388 1815 2441 ἔντευξιν
1845 2389 1923 2440 ἐπὶ
1947 2391 2075 2452 τοὺς
2098 2432 2106 2440 .
2126 2432 2134 2441 .
2158 2432 2196 2441 ..

323 2480 704 2544 χρηματιστὰς,
743 2478 893 2541 ὅπως
931 2481 1008 2544 (=
1033 2479 1222 2530 Torin.
1261 2480 1356 2530 Nr.
1390 2479 1458 2543 3).

230 2570 367 2636 Pap.
395 2571 572 2622 Paris,
599 2570 679 2633 22,
706 2571 800 2621 3οῑ
842 2566 1075 2632 δεόμεθα
1101 2567 1198 2640 οὖν
1225 2567 1376 2631 ὑμῶν
1404 2550 1719 2618 ἀποστεῖλαι
1742 2565 1837 2632 τήν
1865 2568 2091 2620 ἔντευξιν
2118 2569 2197 2619 ἐπὶ

321 2660 621 2710 Διονύσιον
658 2662 766 2709 τῶν
806 2658 982 2722 φίλων
1022 2660 1105 2708 καὶ
1144 2657 1460 2721 στρατηγόν,
1501 2655 1776 2719 ὅπως....

227 2750 392 2801 Tebt.
426 2750 563 2815 Pap.
598 2749 634 2813 Ι,
668 2749 748 2812 43,
782 2749 878 2800 28:
931 2747 1183 2811 δεόμεθα,
1221 2748 1333 2797 Θεοὶ
1378 2747 1612 2810 μέγιστοι
1648 2748 1957 2811 νικηφόροι,
1981 2789 1988 2797 .
2012 2788 2052 2797 ..
2103 2748 2195 2797 ἐὰν

322 2838 595 2902 φαίνηται,
631 2837 929 2901 προστάξαι
969 2837 1283 2887 ἀποστεῖλαι
1321 2835 1473 2898 ἡμῶν
1510 2832 1603 2898 τὴν
1636 2835 1862 2887 ἔντευξιν
1902 2836 1977 2886 ἐπ’
2005 2836 2196 2887 Ἀπολ-

322 2929 519 2978 λώνιον
555 2928 649 2978 τὸν
690 2930 935 2988 συγγενεῖ
974 2928 1057 2976 καὶ
1096 2926 1412 2989 στρατηγόν,
1453 2925 1640 2986 ὃς....
1677 2929 2001 2988 προνοεῖται.

230 3017 457 3082 Faysim
493 3017 708 3068 Towns
750 3017 825 3080 11,
859 3017 955 3067 24:
1006 3016 1191 3079 δέομαι
1230 3014 1544 3065 ἀποστεῖλαί
1583 3031 1682 3078 μου
1720 3012 1814 3077 τήν
1853 3014 2078 3066 ἔντευξιν
2117 3015 2196 3065 ἐπὶ

320 3107 448 3167 τοὺς
486 3105 565 3155 ἐπὶ
601 3109 709 3156 τῶν
746 3104 927 3155 τόπων
965 3104 1346 3167 χρηματιστὰς,
1384 3102 1658 3165 ὅπως....

230 3196 363 3247 Ibid.
402 3196 484 3259 12,
518 3196 610 3247 26:
658 3196 845 3258 δὲομαι
891 3193 1205 3244 ἀποστεῖλαί
1253 3210 1353 3257 μου
1402 3190 1495 3256 τήν
1546 3193 1772 3244 ἔντευξιν
1821 3193 1900 3242 ἐπὶ
1943 3194 2194 3255 τοὺς....

323 3284 707 3349 χρηματιστάς,
746 3282 895 3346 ὅπως
918 3325 927 3334 .
950 3324 959 3334 .
982 3325 1021 3334 ..

234 3374 535 3438 Revillout,
561 3374 702 3426 Rev.
730 3375 940 3439 Egypt.
966 3374 1047 3425 IV
1076 3388 1207 3439 pag.
1234 3375 1299 3424 67
1327 3395 1380 3411 Ξ
1399 3373 1633 3424 Wiener
1657 3372 1901 3424 Studien·
1918 3373 2062 3435 VIII,
2096 3372 2196 3423 206

324 3486 377 3502 =
402 3464 583 3515 Lond.
617 3465 638 3514 I
674 3478 806 3529 pag.
832 3464 898 3514 36
928 3478 1015 3514 vs,
1041 3463 1137 3514 26:
1185 3463 1370 3525 δέομαι
1414 3462 1563 3525 ὑμῶν
1610 3461 1924 3512 ἀποστεῖλαί
1962 3477 2062 3525 μου
2100 3458 2193 3523 τήν

322 3553 548 3605 ἔντευξιν
590 3552 669 3603 ἐπὶ
709 3552 900 3603 Κυδίαν
936 3553 1030 3603 τὸν
1068 3555 1163 3602 τοῦ
1200 3554 1372 3614 νομοῦ
1412 3551 1727 3615 στρατηγόν,
1766 3550 1944 3612 ὅπως.

1935 3648 1981 3689 1*
