2496 3996
287 324 353 374 54
695 336 762 374 De
790 335 1065 387 praescriptis
1096 336 1469 374 instrumentorum
1498 335 1763 387 publicorum
1793 343 1871 376 ete.

287 479 437 544 gruit
473 477 529 528 id
566 477 719 542 quod
754 476 811 527 in
848 477 1070 527 duobus
1106 476 1496 527 instrumentis
1532 477 1772 542 publicis
1810 478 1942 529 anni
1974 493 2047 529 ex
2072 493 2256 544 regno

287 568 646 632 Cleopatrae,
686 580 833 631 quae
870 565 976 615 fuit
1013 573 1213 616 auctor
1247 567 1538 627 tumultuS‚
1565 567 1849 618 numerati
1873 567 2265 627 inveniuntur?

463 656 634 706 Anno
665 655 792 706 1886
817 655 883 707 U.
910 654 1174 706 Wfleken
1201 655 1506 718 (Abhandl.
1532 655 1582 707 d.
1608 657 1819 722 konigl.
1845 659 2040 723 preuss.
2066 660 2254 713 Akad.
2339 685 2341 688 .
2381 636 2383 638 ’

285 745 334 795 d.
363 744 739 808 &VissenschQ
775 746 1079 796 nonnullas
1115 746 1359 795 tabellas
1390 760 1628 797 mensae
1653 747 1915 812 publicae
1941 749 2255 802 Thebanae

284 834 470 893 edidit,
510 848 752 899 quarum
792 842 879 885 est
914 834 1053 885 iuris
1089 834 1314 885 iurandi
1348 835 1807 900 instrumentum,
1836 838 1988 902 quod
2014 854 2255 906 concep-

282 933 403 976 tum
441 931 528 975 est
569 923 1001 987 »βασιλευούσης
1047 923 1385 986 Κλεοπάτρας
1423 926 1550 986 θεᾶς
1584 925 1958 989 Φιλομήτορος
1982 927 2251 992 Σωτείρας

283 1013 437 1075 ἔτους
486 1015 512 1076 β
563 1015 760 1076 φαῶφι
812 1002 904 1063 ffi«
963 1013 1036 1077 (n.
1073 1013 1190 1077 XI).
1275 1013 1421 1077 Quia
1475 1029 1798 1079 cognomen
1851 1015 2255 1069 Philometoris

281 1103 597 1154 servatoris
661 1117 893 1168 semper
958 1102 1303 1168 Cleopatrae
1356 1103 1427 1154 ΙΙΙ
1493 1104 1689 1155 datum
1755 1112 1842 1156 est
1874 1148 1880 1154 ,
1911 1113 1968 1156 et
2044 1105 2252 1158 Strabo

281 1194 595 1244 memoriae
644 1192 893 1258 prodidit
942 1192 1314 1258 Cleopatram
1338 1193 1408 1244 ΠΙ
1445 1193 1793 1259 aliquamdiu
1831 1196 2015 1246 solam
2051 1211 2255 1262 regna·

282 1283 439 1334 visse
467 1282 558 1346 (cf.
586 1283 892 1346 Letronne‚
920 1283 1053 1334 Ree.
1077 1283 1126 1333 d.
1152 1283 1403 1348 inscript.
1432 1298 1623 1349 grecq.
1652 1292 1708 1335 et
1731 1285 1826 1336 lat.
1855 1285 1924 1336 de
1944 1270 2253 1352 I'Egyptel

229 1434 235 1440 ⁴
279 1387 410 1437 pag.
455 1372 556 1436 59),
627 1372 886 1424 Wilcken
944 1372 1235 1423 contendit
1293 1387 1580 1438 papyrum
1640 1375 1821 1425 altero
1881 1389 2032 1426 anno
2093 1376 2253 1428 Cleo-

279 1471 480 1528 patrae
516 1462 601 1524 III,
655 1462 687 1513 i.
727 1477 773 1514 e.
823 1477 973 1513 anno
1032 1463 1126 1513 115
1179 1462 1454 1528 scriptum
1489 1444 1655 1514 esse.
1729 1464 1901 1515 Haud
1947 1464 2026 1516 ita
2073 1443 2252 1517 multo

278 1561 410 1618 post
445 1551 733 1603 Revillout
770 1552 931 1616 (Rev,
971 1556 1163 1617 egypt.
1190 1552 1309 1615 VII,
1353 1552 1481 1603 1892
1511 1567 1643 1617 pag.
1670 1553 1755 1618 39)
1794 1555 2039 1605 alterum
2075 1570 2252 1621 papy-

277 1656 403 1692 rum
441 1641 667 1692 Graece
705 1641 981 1707 scriptum
1017 1641 1229 1707 publici
1264 1640 1401 1692 iuris
1438 1641 1588 1705 fecit,
1627 1642 1717 1692 cui
1743 1651 1799 1693 et
1821 1642 1945 1707 ipsi,
1979 1651 2042 1695 ut
2067 1659 2251 1696 annus

279 1741 334 1783 et
383 1731 503 1783 dies
550 1731 858 1796 inscriptus
908 1739 996 1782 est
1046 1730 1223 1795 (ἔτους
1273 1733 1299 1794 β
1351 1732 1548 1794 φαωφὶ
1594 1721 1688 1796 ’κ-ε),
1725 1731 1805 1782 ita
1842 1732 2004 1783 deest
2039 1748 2252 1786 nomen

275 1822 447 1887 regis,
487 1821 647 1873 cuius
685 1821 759 1872 ad
792 1836 1038 1887 regnum
1073 1835 1349 1872 numerus
1387 1820 1519 1871 anni
1556 1820 1708 1886 exigi
1732 1822 1930 1886 possit.
1980 1822 2096 1874 Sed
2120 1837 2251 1874 cum

275 1913 332 1963 in
384 1912 764 1963 instrumento
818 1911 1185 1962 nominentur
1235 1910 1492 1961 nonnulli
1545 1910 1919 1975 magistratus
1974 1912 2253 1981 Thebani,

276 2017 518 2069 quorum
556 2001 790 2052 nomina
824 2002 1094 2065 leguntur
1129 1999 1187 2050 in
1222 1999 1460 2064 papyris
1497 1999 1724 2064 scriptis
1762 2014 1912 2050 anno
1950 2001 2028 2052 40.
2067 2002 2251 2053 Ptole-

274 2091 425 2143 maei
461 2091 604 2153 VIII,
646 2090 933 2141 Revillout
982 2089 1143 2155 (Rev.
1186 2093 1380 2154 egypt.
1417 2089 1499 2140 VI
1536 2103 1666 2154 pag.
1709 2090 1823 2154 153)
1860 2098 2017 2142 recte
2055 2091 2252 2143 statuit

276 2184 520 2233 alterum
568 2195 782 2231 annum
831 2179 987 2244 regis
1034 2179 1182 2230 illius
1229 2178 1411 2244 ignoti
1448 2185 1546 2229 aut
1580 2178 1760 2230 fuisse
1799 2180 2044 2231 eundem
2082 2187 2254 2246 atque

277 2271 786 2337 quadragesimum
837 2269 1152 2321 Ptolemaei
1191 2269 1316 2321 VIII
1365 2277 1463 2320 aut
1509 2285 1625 2320 non
1673 2271 1914 2321 multum
1963 2271 2170 2322 abesse
2219 2286 2254 2323 a

277 2361 723 2428 quadragesimo
785 2375 931 2411 anno
992 2359 1330 2422 Ptolemaei,
1393 2359 1713 2424 eodemque
1772 2374 1922 2410 anno
1977 2360 2254 2426 scriptum

278 2466 407 2502 esse
444 2465 732 2516 papyrum
770 2464 804 2501 a
839 2449 1161 2501 Wilckenio
1201 2448 1431 2499 editum.

458 2540 643 2604 Quem
691 2547 999 2605 postquam
1047 2539 1254 2591 Strack
1312 2539 1576 2604 quamvis
1636 2546 1972 2590 cunctanter
2019 2547 2251 2592 secutus

279 2639 366 2682 est
427 2629 734 2695 (Dynastie
788 2643 920 2694 pag.
960 2629 1068 2693 43),
1116 2629 1382 2680 Wilcken
1436 2643 1507 2678 ex
1563 2628 1716 2679 omni
1769 2635 1934 2694 parte
1987 2630 2254 2694 probavit

280 2721 554 2785 (Ostraka
589 2720 625 2782 I,
663 2734 796 2785 pag.
835 2720 953 2784 785)
1003 2719 1393 2770 coniecturam
1437 2717 1765 2769 Revilloutii
1812 2718 2161 2784 aliquamdiu
2195 2721 2251 2772 in

278 2810 564 2861 nonnullis
619 2809 878 2875 partibus
926 2808 1184 2873 Aegypti
1244 2821 1426 2859 annos
1477 2823 1548 2858 ex
1595 2822 1777 2873 regno
1826 2807 2171 2873 Cleopatrae
2207 2809 2254 2860 II

279 2908 612 2952 numeratos
657 2914 802 2951 esse.
878 2899 952 2950 At
999 2899 1189 2964 ipsum
1224 2906 1453 2963 tempus
1489 2897 1656 2949 huius
1692 2912 1832 2948 usus
1868 2897 2016 2948 falso
2053 2898 2251 2962 finivit,

280 2999 340 3042 ut
376 3005 527 3042 nunc
565 2997 807 3055 apparet
844 3004 917 3040 ex
953 2989 1114 3040 Tebt.
1141 2989 1343 3053 pap.¹),
1383 2988 1477 3053 qui
1512 3002 1627 3038 non
1664 2987 1836 3038 modo
1875 2987 2082 3038 docent
2120 3002 2253 3052 qua-

282 3081 609 3146 dragesimo
648 3081 832 3145 primo
872 3087 927 3130 et
964 3078 1409 3144 quadragesimo
1439 3079 1619 3129 altero
1648 3092 1813 3139 annO,
1842 3076 2045 3142 quibus
2071 3077 2253 3128 Ptole-

281 3186 511 3221 maeum
558 3170 615 3221 in
653 3170 847 3235 Cypro
896 3178 1195 3220 versatum
1243 3183 1372 3218 esse
1410 3167 1672 3218 VVilcken
1719 3166 2024 3230 contendit,
2069 3167 2252 3218 Ptole-

281 3275 512 3311 maeum
538 3260 805 3311 militibus
831 3259 886 3310 in
900 3259 1174 3323 Aegypto
1202 3271 1376 3322 agros
1402 3257 1672 3322 largitum
1693 3271 1838 3320 esse,
1862 3256 1962 3307 sed
1985 3256 2172 3319 etiam,
2191 3265 2252 3308 ut

284 3364 459 3414 supra
474 3347 1441 3410 commemoravimus,tricesimum
1461 3361 1675 3397 nonum
1694 3360 1906 3396 annum
1927 3344 2252 3410 significant

464 3566 497 3615 ¹)
529 3565 677 3615 Neque
699 3566 834 3604 minus
855 3565 1082 3604 Wilckenii
1105 3565 1340 3603 sententiae
1363 3564 1503 3603 obstat
1526 3564 1814 3603 testimonium
1837 3563 1989 3611 Orosii,
2019 3563 2089 3614 qui
2109 3562 2250 3613 fugam

287 3640 396 3689 regis
428 3640 570 3678 tribuit
600 3653 709 3678 anno
745 3644 879 3689 131,³'3o
907 3657 957 3674 =
990 3640 1144 3691 olymp,
1179 3639 1262 3686 162,
1285 3649 1307 3676 2
1336 3638 1407 3687 (cs.
1438 3651 1532 3689 pag.
1563 3641 1641 3688 53).
