2496 3996
279 274 310 321 6
973 281 1039 320 De
1070 282 1348 332 inscriptione
1379 282 1554 332 Syeniti.

278 440 479 490 regem
514 425 711 475 iubere
737 424 1002 474 solebant
1041 430 1139 474 aut
1176 424 1581 489 apographum
1617 425 1908 490 petitionis
1945 425 2248 490 magistra-

279 514 427 565 tibus
482 513 707 564 mittere
766 520 864 563 aut
922 513 1197 563 mandata
1257 513 1395 564 dare
1455 514 1526 564 de
1584 514 1880 579 petitione,
1943 514 2097 580 quod
2153 514 2247 565 ab·
2299 555 2309 561 ..

279 605 475 654 horret
503 617 537 652 a
567 601 851 652 modestia
880 601 1199 653 incolarum
1230 602 1509 667 imprimis
1543 618 1758 667 eorum,
1793 603 1888 669 qui
1911 603 2247 668 petitionem

279 693 352 743 ad
378 706 578 756 regem
606 691 857 756 mittunt,
895 706 1082 756 neque
1109 691 1385 743 intererat
1420 692 1703 756 rogantiS,
1741 700 1933 744 utrum
1969 707 2075 744 rex
2110 692 2250 759 peti-

277 782 490 832 tionem
515 781 822 846 probatam
851 780 1103 831 mitteret
1129 781 1563 847 magistratibus
1590 796 1663 832 an
1687 782 1812 847 ipse
1838 782 2066 847 singula
2089 781 2248 833 iussa

278 872 455 922 daret.
510 871 595 921 Re
631 885 775 921 vera
811 871 994 921 verba
1037 871 1316 935 petentis:
1369 871 1555 934 δέομαι
1602 871 1917 922 ἀποστεῖλαι
1961 871 2113 934 ἡμῶν
2150 873 2250 936 τὴν

279 960 505 1012 ἔντευξιν
556 959 635 1010 ἐπὶ
670 960 765 1010 τὸν
805 962 956 1010 δεῖνα
991 961 1087 1011 vel
1126 959 1252 1011 ἀξιῶ
1286 960 1491 1023 γράψαι
1525 964 1599 1028 τῷ
1641 963 1794 1011 δεῖνα
1829 961 1967 1013 nihil
2003 976 2134 1014 esse
2168 961 2249 1013 vi-

278 1051 482 1101 dentur
506 1049 613 1100 nisi
637 1049 888 1101 formula
914 1050 1222 1101 decantata
1248 1057 1304 1102 et
1328 1065 1438 1102 usu
1463 1049 1695 1116 detrita;
1734 1065 1882 1116 quae
1918 1051 2257 1102 coniectura
2297 1064 2302 1069 ·

278 1141 500 1190 duobus
546 1140 827 1205 exemplis
870 1139 1261 1191 confirmatur.
1312 1139 1662 1192 Sacerdotes
1699 1140 1999 1192 Philenses
2037 1155 2072 1192 a
2107 1155 2247 1207 rege

276 1237 497 1294 petere,
542 1236 605 1280 ut
653 1230 723 1280 de
778 1230 1070 1295 querelliS,
1127 1245 1272 1295 quas
1325 1232 1701 1295 protulerant,
1749 1230 1998 1283 edictum
2043 1231 2250 1283 edatur

277 1336 453 1386 supra
477 1320 751 1386 vidimus;
790 1335 927 1372 nam
959 1320 1248 1372 scribunt:
1288 1320 1496 1383 δεόμεθ’
1526 1320 1677 1382 ὑμῶν
1706 1320 1992 1372 συντάξαι.
2016 1361 2025 1370 .
2048 1361 2089 1370 ..
2125 1319 2249 1383 γρά-

278 1426 374 1472 ψαι
421 1410 576 1475 Λὸχῳ
625 1414 699 1473 τῷ
751 1414 1033 1475 στρατηγῷ
1081 1411 1146 1473 μή
1195 1411 1670 1474 παρενοχλεῖν...;
1721 1410 2027 1475 epistulam
2074 1409 2247 1475 igitur

275 1500 429 1564 regis
468 1507 876 1564 exspectamus
913 1500 1118 1550 eodem
1155 1498 1328 1570 modo
1367 1499 1658 1564 scriptam,
1693 1515 1806 1565 quo
1841 1507 2125 1565 concepta
2160 1507 2250 1552 est

276 1590 436 1641 Tebt.
463 1590 600 1655 Pap.
626 1589 663 1653 Ι,
690 1591 735 1640 6.
774 1589 854 1640 At
878 1605 984 1640 rex
1008 1589 1443 1655 magistratibus
1472 1589 1643 1640 mittit
1674 1591 2080 1656 apographum
2111 1590 2246 1655 peti-

274 1681 458 1732 tionis,
503 1680 838 1745 Eademque
878 1687 965 1732 est
1003 1695 1182 1731 causa
1215 1679 1273 1730 in
1309 1694 1534 1745 papyro
1571 1680 1730 1732 Leid.
1765 1681 1832 1732 G.
1881 1681 2247 1746 Quamquam

274 1770 338 1833 is,
366 1769 461 1835 qui
492 1769 826 1835 petitionem
858 1770 1026 1834 misit,
1055 1769 1282 1821 scribit:
1322 1768 1448 1821 ἀξιῶ
1476 1769 1775 1832 προστάξαι
1805 1769 2150 1833 Φιλοκράτει.
2175 1810 2183 1820 .
2206 1811 2215 1820 .
2239 1811 2248 1820 .

277 1859 525 1910 ἐνδοῦναι
566 1860 683 1922 περὶ
721 1859 851 1923 ἐμοῦ
897 1854 1126 1922 ἐντολὴν
1164 1859 1642 1922 περιεχουσαν...,
1688 1868 1885 1911 tamen
1928 1875 2034 1910 rex
2077 1860 2249 1911 mittit

276 1950 679 2014 apographum
715 1949 1020 2015 petitionis,
1068 1949 1287 2013 Quibus
1326 1949 1607 2014 exemplis
1645 1949 2105 2000 demonstratum
2143 1957 2246 2013 est,

275 2054 686 2105 nonnunquam
750 2054 974 2104 regem,
1047 2054 1401 2104 quamquam
1479 2047 1887 2104 argumentum
1957 2039 2250 2104 petitionis

278 2131 631 2194 comprobat,
667 2137 862 2181 tamen
887 2130 945 2180 in
971 2129 1068 2180 via
1094 2137 1151 2180 et
1185 2130 1408 2180 ratione
1438 2130 1826 2194 respondendi
1861 2144 1977 2180 non
2009 2129 2250 2195 obsequi

277 2220 558 2271 Voluntati
584 2220 927 2285 rogantium.
958 2219 1120 2283 Quae
1150 2235 1281 2271 cum
1306 2220 1387 2271 ita
1409 2219 1535 2279 sint,
1562 2227 1702 2285 puto
1723 2219 1907 2270 verba
1931 2219 2250 2284 petentium

279 2309 401 2359 sive
428 2309 711 2360 scribunt:
745 2309 931 2373 δέομαι
962 2307 1279 2359 ἀποστεῖλαι
1307 2308 1459 2372 ἡμῶν
1490 2310 1586 2371 τήν
1615 2309 1843 2359 ἔντευξιν
1874 2308 1954 2358 ἐπὶ
1976 2309 2071 2359 τὸν
2101 2311 2253 2359 δεῖνα

280 2399 434 2450 sive:
487 2399 612 2450 ἀξιῶ
660 2399 864 2463 γράψαι
911 2403 986 2467 τῷ
1037 2402 1189 2450 δεῖνα
1233 2399 1371 2451 nihil
1420 2399 1752 2465 significare
1801 2399 1940 2450 nisi:
1988 2414 2151 2464 rog0,
2188 2406 2251 2449 ut

280 2504 623 2553 responsum
656 2490 927 2554 petitione
955 2490 1334 2555 comprobata
1360 2489 1462 2540 des
1494 2489 1930 2554 magistratibus
1958 2503 2026 2540 eo
2058 2488 2251 2552 modo,

281 2594 392 2644 quo
430 2579 555 2629 fieri
592 2587 832 2644 oportet,
886 2580 1064 2645 Igitur
1100 2587 1162 2631 ut
1207 2595 1440 2646 semper
1483 2579 1639 2645 regis
1682 2594 2029 2644 responsum
2073 2578 2252 2644 magi—

282 2669 570 2731 stratibuS,
600 2670 679 2720 ita
705 2685 1019 2735 numquam
1046 2671 1097 2721 ei
1125 2672 1323 2722 datum
1362 2678 1463 2734 est,
1500 2671 1595 2736 qui
1630 2669 1964 2736 petitionem
1998 2668 2252 2734 scripsit;

281 2758 338 2808 id
366 2759 518 2823 quod
542 2766 660 2809 tam
687 2759 948 2811 formulis
984 2761 1040 2811 in
1078 2761 1444 2826 petitionibus
1480 2760 1706 2812 usitatis
1744 2774 1918 2826 quam
1954 2758 2255 2824 responsis

282 2848 471 2912 regiiS,
511 2863 657 2913 quae
694 2849 858 2899 nobis
896 2858 1243 2902 conservata
1281 2859 1428 2915 sunt,
1466 2851 1760 2917 probatur.

462 2938 681 2989 Eadem
708 2939 1047 3003 differentia,
1075 2956 1248 3005 quam
1273 2941 1329 2992 in
1354 2941 1723 3007 petitionibus
1750 2941 1823 2992 ad
1856 2954 2086 3005 regem
2122 2938 2252 2991 mis—

286 3028 363 3078 sis
389 3027 605 3078 factam
634 3043 763 3078 6556
790 3029 1051 3092 vidimus‘„
1089 3030 1376 3082 invenitur
1411 3032 1468 3082 in
1506 3031 1588 3082 eis
1625 3030 2008 3096 petitionibuS,
2047 3029 2253 3095 quibus

285 3118 559 3183 Aegyptii
595 3119 1040 3183 magistratus
1078 3121 1305 3171 adeunt.
1345 3121 1462 3172 Aut
1489 3121 1866 3186 magistratus
1893 3120 2253 3182 admonetur,

284 3217 345 3260 ut
379 3209 713 3274 petitionem
745 3210 932 3260 mittat
963 3211 1397 3275 magistratibus
1428 3211 1648 3262 minore
1686 3217 1990 3276 potestate,
2032 3215 2130 3259 aut
2166 3222 2253 3258 ro-

286 3307 491 3363 gantes
536 3306 757 3363 petunt,
802 3305 864 3349 ut
908 3300 1156 3349 edictum
1195 3300 1265 3350 de
1311 3307 1653 3364 argumento
1697 3299 1987 3365 petitionis
2033 3298 2250 3349 edatur.

287 3389 386 3439 Illa
422 3388 669 3439 formula
705 3388 761 3438 in
799 3388 886 3438 his
926 3388 1204 3453 exemplis
1240 3389 1559 3441 invenitur:

287 3478 449 3529 Tebt.
474 3494 604 3543 pap.
631 3479 667 3542 I,
694 3479 772 3541 41,
805 3479 896 3528 19:
937 3478 1017 3526 oto
1058 3476 1355 3540 ἐπιδίδομεν
1397 3491 1485 3528 σοι
1514 3479 1575 3528 τὸ
1608 3479 1908 3542 ὑπόμνημα,
1947 3475 2097 3537 ὅπως
2128 3475 2254 3524 ὑπο-

376 3568 549 3633 τάξῃς,
588 3567 670 3628 οἷς
709 3566 922 3628 καθήκει
