2496 3996
852 359 918 397 De
950 358 1048 410 fuga
1076 359 1312 398 Ptolemaei
1341 359 1652 400 Philometoris.
2173 349 2238 399 53

272 494 676 554 interfecisse«
749 499 966 562 (Livius
1011 501 1043 551 1.
1081 515 1124 551 S.
1161 502 1216 564 1.)
1296 500 1441 552 Cum
1495 509 1687 552 autem
1742 501 1979 553 Orosius
2034 503 2238 554 eodem

274 590 499 652 modO,
544 604 656 654 quo
718 595 919 640 auctor
976 589 1378 654 periocharum
1431 591 1802 642 Livianarum
1856 600 1911 642 et
1969 593 2237 643 Valerius

274 680 560 733 Maximus
605 677 855 743 epitoma
889 678 1034 729 Livii
1070 694 1208 730 usus
1247 680 1383 745 sit¹),
1429 680 1588 731 cuius
1624 680 1875 730 narratio
1913 681 2238 732 testimonio

273 768 514 822 Diodori
561 775 617 819 et
651 768 845 820 Iustini
893 768 1170 832 firmatur,
1218 770 1340 821 sine
1388 770 1556 820 dubio
1597 770 1835 821 Orosius
1882 785 2076 821 errore
2114 784 2239 835 per-

275 858 478 910 ductus
502 871 704 908 necem
727 857 827 907 filii
854 858 935 908 eis
961 859 1273 911 sceleribus
1300 860 1527 923 addidit,
1554 875 1701 925 quae
1726 861 2091 910 Ptolemaeus
2112 860 2240 910 VIII

275 955 406 1000 ante
452 947 652 1012 fugam
699 947 997 1010 commisit,
1047 963 1395 1013 quamquam
1442 964 1503 999 re
1551 964 1693 1000 vera
1750 949 1900 1000 filius
1959 949 2014 999 in
2071 949 2237 999 exilio

276 1038 506 1090 demum
541 1036 876 1087 interfectus
914 1045 1016 1087 est.

452 1127 637 1180 Nihilo
707 1127 894 1178 minus
950 1127 1139 1178 Orosii
1195 1128 1448 1178 narratio
1507 1129 1743 1179 maximi
1801 1129 2075 1179 momenti
2135 1137 2238 1189 est,

274 1208 484 1284 'quippe
537 1230 652 1282 qua
702 1217 843 1282 fuga
894 1216 1048 1281 regis
1103 1224 1259 1267 certo
1309 1231 1458 1267 anno
1508 1218 1626 1281 (130
1664 1233 1712 1269 a.
1752 1218 1908 1283 Chr.)
1945 1218 2239 1280 tribuatur,

274 1307 425 1358 unde
449 1306 620 1358 Niese
658 1305 1027 1370 (Geschichte
1065 1306 1166 1356 der
1191 1305 1591 1370 griechischen
1613 1307 1730 1358 und
1753 1308 2241 1358 makedonischen

275 1396 512 1458 Staaten
558 1396 629 1446 111
673 1409 804 1460 pag.
841 1394 940 1445 270
993 1395 1120 1445 adn.
1158 1395 1226 1458 2),
1281 1395 1375 1460 qui
1430 1395 1615 1447 Orosii
1670 1397 2057 1448 testimonium
2110 1412 2240 1448 cum

273 1485 442 1551 frgm.
469 1487 501 1536 6
534 1484 660 1535 libri
695 1484 938 1535 XXXIII
974 1484 1213 1535 Diodori
1261 1485 1564 1548 coniunxit,
1614 1495 1770 1538 recte
1821 1487 2064 1552 collegit,
2115 1502 2242 1538 auc-

274 1582 474 1638 torem,
513 1589 625 1640 quo
650 1574 846 1625 Livius
882 1588 1022 1624 usus
1049 1583 1151 1637 est,
1188 1575 1389 1640 fugam
1414 1576 1569 1640 regis
1595 1578 1806 1641 olymp.
1838 1577 1946 1636 162,
1968 1577 2242 1629 2=131s30

224 1680 231 1687 ··
276 1679 325 1716 a.
353 1665 485 1716 Chr.
521 1664 787 1715 tribuisse
803 1665 864 1728 2);
915 1664 1008 1728 qui
1045 1678 1227 1715 annus
1260 1667 1430 1729 plane
1455 1667 1767 1730 respondet
1793 1666 2238 1731 quadragesimo

276 1763 426 1806 anno
463 1754 617 1819 regis
652 1753 967 1804 Ptolemaei
1002 1754 1144 1806 VIII.
1216 1754 1430 1805 Rerum
1478 1755 1789 1820 scriptores
1825 1755 1995 1819 igitur
2034 1756 2241 1806 docent

274 1843 354 1895 40.
393 1858 543 1895 anno
579 1843 743 1908 regni
765 1843 1161 1894 Ptolemaeum
1187 1843 1443 1909 Cyprum
1478 1843 1713 1909 fugisse.
1763 1845 2081 1896 Videamus
2108 1845 2242 1911 quid

277 1947 350 1983 ex
385 1932 622 1998 papyris
659 1932 1043 1997 colligendum
1081 1934 1166 1984 sit.

231 2018 234 2019 ⁷
358 2070 361 2073 ,
445 2023 516 2072 ‚In
551 2022 712 2073 Tebt.
748 2037 878 2088 pap.
915 2023 950 2085 I,
988 2023 1052 2073 72
1088 2037 1172 2074 vs,
1210 2023 1289 2086 45,
1327 2023 1421 2088 qui
1457 2022 1686 2073 exhibet
1721 2023 1947 2075 tabulas
1985 2024 2242 2088 publicas

189 2139 229 2175 ῃ
276 2111 583 2174 censoriaS,
648 2127 832 2163 annus
895 2111 1217 2163 tricesimus
1280 2126 1465 2163 nonus
1530 2111 1907 2177 significatur:
1969 2111 2088 2174 ἔτος
2145 2116 2239 2175 τῆς

277 2199 522 2263 ἀμειξίας,
571 2215 742 2266 quem
791 2216 1003 2252 annum
1050 2202 1310 2266 separari
1354 2217 1528 2267 posse
1573 2202 1644 2252 ab
1690 2217 1839 2252 anno
1875 2201 2050 2266 fugae
2087 2202 2243 2267 regis

276 2289 524 2341 editores
561 2290 766 2356 papyri
802 2291 952 2355 (pag.
989 2290 1108 2354 554)
1144 2299 1299 2342 recte
1336 2299 1711 2356 negaverunt.
1798 2291 2053 2351 Accedit,
2092 2292 2244 2357 quod

277 2379 521 2444 epistula
566 2379 780 2445 scripta
815 2395 1014 2431 mense
1053 2380 1308 2431 Choiach
1356 2379 1860 2445 quadragesimi
1897 2380 2029 2430 anni
2063 2380 2244 2431 Ptole-

275 2469 426 2520 maei
461 2469 589 2520 VIII
626 2469 947 2534 (Revillout,
985 2471 1282 2534 melanges
1308 2470 1429 2535 2953
1467 2469 1687 2532 Strack,
1715 2468 1997 2533 Dynastie
2023 2484 2152 2534 pag.
2179 2471 2244 2520 46

276 2557 404 2609 adn.
427 2559 482 2622 33
517 2558 586 2610 cf.
612 2559 770 2610 Tebt.
800 2559 977 2624 Pap.I
1011 2573 1141 2624 pag.
1162 2560 1260 2610 553
1288 2559 1416 2610 adn.
1443 2560 1488 2623 1)
1522 2559 1689 2610 docet
1714 2568 1835 2610 tum
1869 2559 1924 2609 ἐν
1945 2558 2243 2622 Ἑρμώνθει

274 2662 370 2698 res
405 2647 519 2698 iam
556 2662 672 2698 non
706 2647 883 2698 fuisse
920 2647 1229 2710 restitutaS,
1269 2662 1617 2713 quamquam
1654 2664 1726 2699 ex
1757 2648 1961 2699 eadem
2000 2648 2242 2713 epistula

276 2743 518 2801 apparet
541 2736 599 2786 in
625 2736 748 2787 aliis
774 2736 1028 2805 Aegypti
1063 2737 1393 2802 regionibus
1429 2738 1768 2789 seditionem
1800 2737 2022 2788 finitam
2047 2737 2241 2790 fuisse.

275 2821 577 2876 Tumultus
624 2825 810 2890 igitur,
859 2826 953 2891 qui
998 2827 1216 2877 initium
1260 2827 1410 2892 cepit
1453 2829 1525 2878 ab
1563 2843 1709 2898 anno
1747 2828 2036 2879 tricesimo
2073 2843 2240 2890 nono,

274 2914 505 2966 ineunte
552 2916 996 2981 quadragesimo
1045 2931 1195 2967 anno
1250 2917 1526 2981 paulatim
1579 2917 1656 2968 ita
1710 2932 2078 2982 compressus
2139 2927 2239 2980 est,

276 3010 339 3054 ut
381 3011 513 3068 post
553 3019 812 3056 mensem
851 3005 1106 3056 Choiach
1153 3006 1266 3056 iam
1314 3007 1470 3057 nulla
1507 3014 1801 3058 exstarent
1837 3007 2084 3072 vestigia
2119 3022 2241 3072 per-

277 3092 615 3144 turbationis
651 3109 858 3145 rerum.
931 3094 1077 3145 Cum
1115 3096 1224 3145 hac
1259 3110 1452 3146 rerum
1496 3096 1818 3147 conditione
1857 3096 2069 3161 optime
2109 3111 2240 3146 con-

458 3273 490 3320 ¹)
520 3262 597 3313 Cf.
616 3272 789 3321 Schanz,
820 3273 1079 3312 Geschichte
1110 3274 1147 3311 d.
1179 3277 1282 3312 rom.
1311 3274 1413 3312 Litt.
1444 3274 1492 3320 II,
1528 3284 1557 3321 1,
1589 3274 1675 3324 258.

455 3344 489 3395 ²)
519 3346 728 3397 Imprimis
768 3347 922 3386 Nissen
967 3349 1008 3386 in
1048 3349 1268 3399 praeclaro
1315 3349 1386 3387 illo
1424 3349 1543 3396 libro,
1590 3350 1659 3400 qui
1698 3357 1762 3388 est
1798 3349 1850 3386 de
1889 3348 2076 3386 fontibus
2118 3347 2236 3393 Livii,

279 3418 584 3458 demonstravit
603 3420 768 3459 Livium
796 3422 913 3460 libris
934 3422 1110 3472 Polybii,
1142 3424 1211 3474 qui
1242 3435 1292 3461 ex
1322 3425 1440 3461 annis
1471 3423 1757 3474 olympiadum
1788 3436 1852 3461 res
1876 3423 2096 3467 enarravit,
2119 3434 2238 3460 usum

279 3505 485 3544 persaepe
526 3507 586 3541 ea,
624 3507 730 3546 quae
766 3497 850 3534 iam
879 3509 988 3535 anno
1018 3498 1302 3548 praecedente
1333 3497 1445 3536 sacta
1476 3506 1582 3546 sunt,
1625 3511 1734 3537 anno
1766 3498 1950 3536 consulis
1990 3498 2238 3547 posterioris

278 3567 487 3615 tribuisse,
516 3570 711 3619 neglecta
739 3570 987 3618 differentia,
1018 3583 1124 3622 quae
1155 3578 1243 3610 erat
1272 3573 1380 3609 inter
1400 3572 1639 3610 Romanum
1670 3584 1821 3610 annum
1852 3571 2170 3621 magistratuum
2199 3580 2238 3608 et

281 3641 491 3680 Graecum
521 3655 674 3681 annum
703 3643 987 3695 olympiadum
1016 3646 1089 3694 (cf.
1118 3646 1435 3690 Weissenborn,
1467 3645 1707 3696 Einleitung
1736 3658 1783 3683 zu
1813 3645 1954 3683 Livius
1984 3656 2077 3696 pag.
2108 3649 2185 3694 53).
