2496 3996
612 346 843 398 Cleopatra
871 345 910 384 II
938 346 1019 385 sibi
1048 347 1140 398 ipsa
1167 349 1383 399 proprium
1413 349 1594 387 instituit
1623 349 1920 388 sacerdotium.
2178 337 2243 386 55

286 488 406 549 ἔτος
451 490 545 549 τῆς
594 486 839 549 ἀμειξίας.
911 488 1067 552 Ergo
1116 489 1272 553 prior
1321 504 1503 541 annus
1542 490 1885 555 Cleopatrae
1931 492 2242 556 respondet

282 576 569 628 tricesimo
623 590 775 626 nono
829 575 1160 641 Ptolemaei,
1219 579 1364 628 alter
1400 593 1583 628 annus
1621 578 1965 643 Cleopatrae
2003 579 2241 644 quadra-

281 666 503 731 gesimo
539 665 868 716 Ptolemaei.
939 666 1201 730 Epistula
1234 667 1406 732 igitur
1442 682 1477 718 a
1512 668 1853 719 Revilloutio
1892 669 2044 719 edita
2080 669 2239 733 (Rev.

283 758 475 820 egypt.
512 755 631 815 VII,
685 755 813 806 1892
859 770 990 820 pag.
1027 757 1114 819 39)
1164 757 1376 821 scripta
1425 765 1514 808 est
1560 761 1755 820 φαῶφι
1793 759 1924 809 anni
1960 759 2025 809 40
2059 760 2241 810 Ptole-

170 856 175 865 *
226 850 230 852 ’
282 844 430 895 maei
467 851 523 894 et
557 844 754 908 magni
790 858 921 895 mea
955 844 1194 896 interest
1230 845 1426 896 videre
1464 854 1760 897 auctorem
1806 848 2084 912 epistulae
2126 848 2242 899 iam

280 933 350 983 de
386 933 744 984 restitutione
782 949 976 985 rerum
1015 935 1286 1000 cogitare,
1327 951 1456 987 cum
1494 937 1711 987 scribit:
1750 936 1842 987 ἐὰν
1867 940 1962 999 τῆς
1985 940 2242 1002 ταραχῆζς

227 1051 229 1053 ·
278 1023 629 1085 παυσαμένης
650 1022 720 1087 ο)ἱ
747 1022 912 1085 ἁλιεῖς
939 1025 1216 1086 δυνήθωσι
1245 1024 1528 1090 ἀγ(ρε)ύειν
1555 1027 1735 1090 τόνζόε
1760 1027 1852 1076 τὸν
1880 1026 2122 1077 ἐνιαυτὸν
2144 1027 2239 1092 ὡς)

276 1110 540 1174 πρότερον
578 1111 922 1177 εἰθ(ι)σμὲνοι.
981 1114 1136 1178 Ergo
1176 1115 1418 1166 eandem
1455 1116 1577 1166 fere
1615 1115 1997 1166 conditionem
2033 1131 2239 1178 rerum,

253 1209 450 1267 'quam
497 1216 697 1252 mense
747 1201 1003 1253 Choiach
1052 1204 1183 1254 anni
1219 1204 1298 1254 40.
1346 1203 1669 1255 invenimus
1713 1203 1768 1253 ἐν
1801 1202 2102 1266 Ἑρμώνθει
2150 1205 2240 1269 (cf.

275 1305 406 1356 pag.
444 1291 554 1355 53),
607 1291 722 1342 iam
777 1299 948 1343 antea
996 1294 1215 1357 (mense
1265 1294 1481 1357 φαῶφι)
1536 1293 2016 1358 deprehendimus
2069 1293 2126 1344 in
2174 1309 2243 1345 ea

274 1379 527 1445 regione,
578 1381 668 1431 cui
716 1388 804 1431 est
849 1396 1061 1431 nomen
1105 1382 1221 1444 περὶ
1271 1381 1468 1444 Θήβας.
1517 1382 1797 1433 Paulatim
1845 1384 2121 1433 tumultus
2158 1397 2242 1434 se-

276 1469 444 1522 datus
485 1478 586 1521 est.

453 1560 538 1611 Eo
574 1560 700 1626 ipso
737 1575 938 1611 mense
977 1563 1175 1623 φαῶφι
1212 1560 1345 1611 anni
1381 1561 1806 1627 quadragesimi
1843 1562 2117 1627 scriptum
2156 1570 2242 1612 est

274 1648 716 1702 instrumentum
767 1650 920 1713 illud,
979 1665 1012 1701 a
1060 1665 1172 1715 quo
1229 1650 1536 1715 disputatio
1584 1659 1788 1702 nostra
1831 1651 2092 1716 profecta
2139 1660 2240 1714 est,

273 1752 530 1804 papyrus
578 1731 670 1790 ille
721 1739 1054 1800 demotiCUS,
1101 1740 1196 1804 qui
1241 1741 1398 1791 solus
1436 1740 1690 1791 omnium
1726 1747 1858 1790 ante
1897 1755 2108 1791 annum
2149 1741 2243 1791 116

274 1828 618 1893 scriptorum
664 1810 1014 1879 mentionem
1063 1828 1201 1901 facit
1236 1832 1331 1890 τῆς
1367 1829 1512 1892 ἱεροῦ
1548 1829 1736 1879 πώλου
1772 1827 1975 1890 Ἴσιδος
2014 1828 2242 1892 μεγάλης

275 1918 473 1980 μητρὸς
520 1920 674 1968 Θεῶν.
743 1917 1068 1969 Nunc'iam
1114 1925 1252 1982 puto
1302 1918 1494 1968 omnia
1531 1933 1660 1968 esse
1696 1918 2025 1983 perspicua:
2082 1918 2241 1969 Cleo-

271 2014 439 2072 patra
474 2007 522 2057 II
571 2008 734 2058 annis
782 2008 1246 2073 perturbationis,
1299 2023 1430 2059 cum
1478 2010 1602 2059 sola
1638 2015 1925 2073 regnaret,
1975 2007 2081 2058 sibi
2115 2008 2242 2072 ipsa

272 2097 568 2162 proprium
605 2098 992 2148 sacerdotium
1028 2098 1281 2160 instituit,
1321 2098 1473 2163 quod
1508 2105 1816 2164 propterea
1841 2104 1972 2162 post
1996 2097 2240 2147 reditum

272 2186 589 2237 Ptolemaei
640 2202 754 2238 non
808 2188 924 2238 iam
979 2195 1466 2238 commemoratur
1520 2217 1581 2222 —
1636 2202 1822 2252 neque
1872 2186 2021 2237 enim
2063 2188 2241 2237 ullum

273 2275 581 2341 vestigium
649 2276 770 2327 eius
837 2291 942 2341 per
1003 2291 1204 2326 omnes
1264 2291 1446 2326 annos
1505 2276 1872 2341 insequentes
1911 2290 2114 2340 usque
2168 2275 2240 2326 ad

273 2372 519 2416 mortem
555 2365 871 2416 Ptolemaei
894 2366 1023 2417 VIII
1059 2373 1249 2416 exstat
1288 2396 1371 2429 ——,
1411 2366 1563 2431 quod
1598 2366 1963 2416 Ptolemaeus
2001 2364 2239 2415 maritus

275 2456 506 2517 cultum,
552 2469 723 2519 quem
757 2469 920 2518 uxor,
961 2470 1091 2506 cum
1126 2455 1250 2520 ipse
1285 2455 1342 2505 in
1370 2455 1563 2520 Cypro
1599 2460 1947 2516 versaretur,
1987 2453 2240 2522 sibiipsa

271 2533 607 2603 instituerat,
644 2543 905 2594 removit.
964 2543 1026 2594 In
1061 2551 1260 2594 nostro
1298 2558 1521 2608 papyro
1560 2543 1692 2594 anni
1728 2543 1934 2593 iterum
1960 2558 2032 2593 ex
2057 2557 2238 2608 regno

271 2632 587 2684 Ptolemaei
622 2633 751 2684 VIII
798 2640 1187 2691 numerantur,
1237 2633 1332 2698 qui
1380 2633 1501 2683 sine
1550 2632 1720 2683 dubio
1756 2633 1928 2696 paulo
1967 2641 2139 2683 antea
2176 2663 2238 2667 ——

272 2737 406 2773 nam
433 2721 488 2772 ἐν
508 2725 582 2788 τῷ
608 2722 725 2784 περὶ
746 2721 930 2785 Θήβας
955 2723 1159 2773 eodem
1185 2736 1383 2772 mense
1410 2722 1582 2773 etiam
1601 2737 1673 2773 ex
1692 2737 1872 2786 regno
1895 2721 2238 2785 Cleopatrae

274 2811 407 2862 anni
440 2818 814 2862 numerantur
851 2812 942 2876 (cf.
979 2795 1124 2863 Rev}
1161 2816 1351 2877 e'gypt.
1379 2812 1497 2874 VII,
1535 2826 1665 2877 pag.
1692 2813 1776 2877 39)
1815 2842 1877 2846 —
1914 2812 1970 2862 in
2006 2813 2238 2877 Aegyp-

272 2908 394 2952 tum
429 2907 773 2966 reverterat3
812 2916 923 2966 quo
972 2902 1144 2952 modo
1192 2901 1409 2952 factum
1447 2909 1548 2963 est,
1587 2908 1648 2951 ut
1683 2901 1740 2951 in
1779 2909 1976 2959 nostro
2014 2916 2237 2966 papyro

274 2991 658 3042 sacerdotium
696 2991 1057 3056 Cleopatrae,
1097 2991 1250 3056 quod
1285 2992 1651 3042 Ptolemaeus
1688 2991 1818 3042 VIII
1865 2999 2071 3056 postea
2107 2991 2238 3041 abo·

274 3079 426 3142 levit,
474 3088 973 3131 commemoretur.
1048 3080 1175 3144 Qua
1211 3096 1272 3130 re
1311 3080 1684 3131 confirmatur
1722 3080 2002 3130 sententia
2039 3086 2238 3130 nostra

275 3167 345 3219 de
381 3169 734 3234 temporibus
779 3170 942 3235 regni
980 3170 1346 3235 Cleopatrae;
1393 3184 1526 3220 nam
1565 3170 1611 3219 si
1647 3169 2047 3230 sacerdotium,
2086 3163 2238 3233 quod

275 3272 423 3308 anno
478 3258 922 3323 quadragesimo
972 3258 1271 3320 invenitur,
1326 3258 1642 3308 institutum
1679 3264 1833 3307 esset
1870 3265 2000 3307 ante
2038 3256 2236 3322 fugam

274 3348 427 3411 regis
476 3347 760 3398 adnuente
797 3362 951 3412 rege,
1012 3347 1133 3398 sine
1190 3347 1359 3398 dubio
1411 3348 1580 3398 etiam
1629 3354 1833 3411 postea
1881 3355 2135 3397 exstaret
2180 3347 2236 3398 in

274 3437 524 3503 papyriS.
597 3437 764 3501 Quod
798 3438 970 3503 igitur
1018 3438 1401 3488 sacerdotium
1452 3438 1795 3502 Cleopatrae
1831 3437 1876 3487 II
1911 3436 2237 3487 nominatur

275 3542 424 3578 anno
473 3527 932 3592 quadragesimO,
984 3528 1365 3592 colligendum
1411 3536 1496 3578 est
1533 3534 1663 3577 ante
1702 3527 1851 3576 hunc
1889 3526 2038 3576 diem
2077 3525 2235 3576 Cleo-

274 3626 501 3681 patram
550 3619 733 3668 solam
779 3618 1117 3682 regnavisse
1168 3625 1222 3667 et
1268 3618 1657 3667 Ptolemaeum
1701 3615 1956 3680 Cyprum
1999 3614 2232 3679 fugisse.
