<?xml version="1.0" encoding="UTF-8"?>
<!DOCTYPE html PUBLIC "-//W3C//DTD XHTML 1.0 Transitional//EN"
    "http://www.w3.org/TR/xhtml1/DTD/xhtml1-transitional.dtd">
<html xmlns="http://www.w3.org/1999/xhtml" xml:lang="en" lang="en">
 <head>
  <title>
</title>
<meta http-equiv="Content-Type" content="text/html;charset=utf-8" />
  <meta name='ocr-system' content='tesseract 3.04.00' />
  <meta name='ocr-capabilities' content='ocr_page ocr_carea ocr_par ocr_line ocrx_word'/>
</head>
<body>
  <div class='ocr_page' id='page_1' title='image "./quaestionesepigr00laquuoft_0045.png"; bbox 0 0 2496 3996; ppageno 0'>
   <div class='ocr_carea' id='block_1_1' title="bbox 367 303 2194 365">
    <p class='ocr_par' dir='ltr' id='par_1_1' title="bbox 367 303 2194 365">
     <span class='ocr_line' id='line_1_1' title="bbox 367 303 2194 365; baseline -0.001 -13"><span class='ocrx_word' id='word_1_1' title='bbox 367 312 470 352; x_wconf 85' lang='lat' dir='ltr'>Inde</span> <span class='ocrx_word' id='word_1_2' title='bbox 486 312 538 351; x_wconf 90' lang='lat' dir='ltr'>ab</span> <span class='ocrx_word' id='word_1_3' title='bbox 555 324 590 354; x_wconf 86' lang='lat' dir='ltr'>a.</span> <span class='ocrx_word' id='word_1_4' title='bbox 607 321 680 359; x_wconf 92' lang='lat'>140</span> <span class='ocrx_word' id='word_1_5' title='bbox 696 311 748 350; x_wconf 83' lang='lat' dir='ltr'>ad</span> <span class='ocrx_word' id='word_1_6' title='bbox 763 323 799 354; x_wconf 81' lang='lat' dir='ltr'>a.</span> <span class='ocrx_word' id='word_1_7' title='bbox 818 321 834 349; x_wconf 91' lang='lat'>1</span> <span class='ocrx_word' id='word_1_8' title='bbox 845 311 892 350; x_wconf 90' lang='lat'>16</span> <span class='ocrx_word' id='word_1_9' title='bbox 906 312 950 350; x_wconf 90' lang='lat' dir='ltr'>in</span> <span class='ocrx_word' id='word_1_10' title='bbox 964 322 1148 363; x_wconf 80' lang='lat' dir='ltr'>praescr.</span> <span class='ocrx_word' id='word_1_11' title='bbox 1162 312 1371 350; x_wconf 87' lang='lat' dir='ltr'>invenitur</span> <span class='ocrx_word' id='word_1_12' title='bbox 1388 312 1511 351; x_wconf 83' lang='lat' dir='ltr'>ordo:</span> <span class='ocrx_word' id='word_1_13' title='bbox 1528 312 2009 365; x_wconf 84' lang='lat' dir='ltr'>Philometor-Eupator.</span> <span class='ocrx_word' id='word_1_14' title='bbox 2131 303 2194 352; x_wconf 77' lang='lat'>37</span> 
     </span>
    </p>
   </div>
   <div class='ocr_carea' id='block_1_2' title="bbox 149 452 2200 3115">
    <p class='ocr_par' dir='ltr' id='par_1_2' title="bbox 175 452 2200 2578">
     <span class='ocr_line' id='line_1_2' title="bbox 233 452 2193 522; baseline 0.001 -15"><span class='ocrx_word' id='word_1_15' title='bbox 233 462 322 507; x_wconf 85' lang='lat' dir='ltr'>est</span> <span class='ocrx_word' id='word_1_16' title='bbox 341 452 627 520; x_wconf 84' lang='lat' dir='ltr'>(Wilcken</span> <span class='ocrx_word' id='word_1_17' title='bbox 649 455 684 506; x_wconf 92' lang='grc'>1.</span> <span class='ocrx_word' id='word_1_18' title='bbox 711 469 754 505; x_wconf 86' lang='lat' dir='ltr'>S.</span> <span class='ocrx_word' id='word_1_19' title='bbox 779 454 813 505; x_wconf 90' lang='lat'>1.</span> <span class='ocrx_word' id='word_1_20' title='bbox 839 468 971 519; x_wconf 85' lang='lat' dir='ltr'>pag.</span> <span class='ocrx_word' id='word_1_21' title='bbox 1002 454 1100 518; x_wconf 84' lang='lat'>16).</span> <span class='ocrx_word' id='word_1_22' title='bbox 1139 452 1285 504; x_wconf 90' lang='lat' dir='ltr'>Cum</span> <span class='ocrx_word' id='word_1_23' title='bbox 1311 460 1504 505; x_wconf 91' lang='lat' dir='ltr'>autem</span> <span class='ocrx_word' id='word_1_24' title='bbox 1528 454 1587 505; x_wconf 92' lang='lat' dir='ltr'>in</span> <span class='ocrx_word' id='word_1_25' title='bbox 1613 469 1837 520; x_wconf 79' lang='lat' dir='ltr'>papyro</span> <span class='ocrx_word' id='word_1_26' title='bbox 1864 457 2121 508; x_wconf 76' lang='lat' dir='ltr'>Parisino</span> <span class='ocrx_word' id='word_1_27' title='bbox 2148 460 2193 522; x_wconf 84' lang='lat'>6,</span> 
     </span>
     <span class='ocr_line' id='line_1_3' title="bbox 232 542 2197 610; baseline 0.002 -15"><span class='ocrx_word' id='word_1_28' title='bbox 232 543 328 610; x_wconf 86' lang='lat' dir='ltr'>qui</span> <span class='ocrx_word' id='word_1_29' title='bbox 385 543 633 608; x_wconf 88' lang='lat' dir='ltr'>scriptus</span> <span class='ocrx_word' id='word_1_30' title='bbox 689 550 777 596; x_wconf 88' lang='lat' dir='ltr'>est</span> <span class='ocrx_word' id='word_1_31' title='bbox 826 558 976 593; x_wconf 89' lang='lat' dir='ltr'>anno</span> <span class='ocrx_word' id='word_1_32' title='bbox 1030 542 1233 605; x_wconf 75' lang='lat' dir='ltr'>127s26,</span> <span class='ocrx_word' id='word_1_33' title='bbox 1290 543 1503 594; x_wconf 90' lang='lat' dir='ltr'>mentio</span> <span class='ocrx_word' id='word_1_34' title='bbox 1562 543 1666 594; x_wconf 83' lang='lat' dir='ltr'>fiat</span> <span class='ocrx_word' id='word_1_35' title='bbox 1715 544 1971 595; x_wconf 88' lang='lat' dir='ltr'>eiusdem</span> <span class='ocrx_word' id='word_1_36' title='bbox 2018 547 2197 598; x_wconf 90' lang='lat' dir='ltr'>Lochi</span> 
     </span>
     <span class='ocr_line' id='line_1_4' title="bbox 229 632 2194 699; baseline 0.002 -16"><span class='ocrx_word' id='word_1_37' title='bbox 229 634 328 683; x_wconf 62' lang='grc' dir='ltr'>τοῦ</span> <span class='ocrx_word' id='word_1_38' title='bbox 365 633 676 696; x_wconf 74' lang='grc' dir='ltr'>συγγενοῦς,</span> <span class='ocrx_word' id='word_1_39' title='bbox 710 632 810 698; x_wconf 92' lang='lat' dir='ltr'>qui</span> <span class='ocrx_word' id='word_1_40' title='bbox 844 632 902 683; x_wconf 92' lang='lat' dir='ltr'>in</span> <span class='ocrx_word' id='word_1_41' title='bbox 928 632 1154 683; x_wconf 89' lang='lat' dir='ltr'>Graeca</span> <span class='ocrx_word' id='word_1_42' title='bbox 1187 632 1556 697; x_wconf 78' lang='lat' dir='ltr'>inscriptione</span> <span class='ocrx_word' id='word_1_43' title='bbox 1581 632 1831 683; x_wconf 89' lang='lat' dir='ltr'>Philensi</span> <span class='ocrx_word' id='word_1_44' title='bbox 1855 635 2194 699; x_wconf 88' lang='lat' dir='ltr'>nominatur,</span> 
     </span>
     <span class='ocr_line' id='line_1_5' title="bbox 230 721 2197 789; baseline 0.001 -16"><span class='ocrx_word' id='word_1_45' title='bbox 230 721 522 774; x_wconf 74' lang='lat' dir='ltr'>Letronne</span> <span class='ocrx_word' id='word_1_46' title='bbox 571 721 824 786; x_wconf 87' lang='lat' dir='ltr'>(Notices</span> <span class='ocrx_word' id='word_1_47' title='bbox 862 728 918 772; x_wconf 91' lang='lat' dir='ltr'>et</span> <span class='ocrx_word' id='word_1_48' title='bbox 954 721 1193 772; x_wconf 83' lang='lat' dir='ltr'>extraits</span> <span class='ocrx_word' id='word_1_49' title='bbox 1231 722 1333 772; x_wconf 88' lang='lat' dir='ltr'>des</span> <span class='ocrx_word' id='word_1_50' title='bbox 1375 722 1722 773; x_wconf 79' lang='lat' dir='ltr'>manuscrits</span> <span class='ocrx_word' id='word_1_51' title='bbox 1759 723 1944 774; x_wconf 79' lang='lat' dir='ltr'>XVIII</span> <span class='ocrx_word' id='word_1_52' title='bbox 1980 739 2116 789; x_wconf 88' lang='lat' dir='ltr'>pars</span> <span class='ocrx_word' id='word_1_53' title='bbox 2151 725 2197 775; x_wconf 91' lang='lat' dir='ltr'>II</span> 
     </span>
     <span class='ocr_line' id='line_1_6' title="bbox 228 810 2198 878; baseline 0.001 -16"><span class='ocrx_word' id='word_1_54' title='bbox 228 818 361 876; x_wconf 82' lang='lat' dir='ltr'>pag.</span> <span class='ocrx_word' id='word_1_55' title='bbox 400 810 514 875; x_wconf 82' lang='lat'>168)</span> <span class='ocrx_word' id='word_1_56' title='bbox 553 818 609 862; x_wconf 89' lang='lat' dir='ltr'>et</span> <span class='ocrx_word' id='word_1_57' title='bbox 635 810 900 862; x_wconf 89' lang='lat' dir='ltr'>Wilcken</span> <span class='ocrx_word' id='word_1_58' title='bbox 935 811 1330 876; x_wconf 87' lang='lat' dir='ltr'>praetulerunt</span> <span class='ocrx_word' id='word_1_59' title='bbox 1365 811 1747 876; x_wconf 78' lang='lat' dir='ltr'>posteriorem</span> <span class='ocrx_word' id='word_1_60' title='bbox 1772 812 1937 875; x_wconf 85' lang='lat' dir='ltr'>diem,</span> <span class='ocrx_word' id='word_1_61' title='bbox 1964 813 2021 863; x_wconf 84' lang='lat' dir='ltr'>id</span> <span class='ocrx_word' id='word_1_62' title='bbox 2046 814 2198 878; x_wconf 88' lang='lat' dir='ltr'>quod</span> 
     </span>
     <span class='ocr_line' id='line_1_7' title="bbox 229 900 2196 966; baseline 0.001 -14"><span class='ocrx_word' id='word_1_63' title='bbox 229 900 357 952; x_wconf 82' lang='lat' dir='ltr'>fieri</span> <span class='ocrx_word' id='word_1_64' title='bbox 402 915 519 951; x_wconf 90' lang='lat' dir='ltr'>non</span> <span class='ocrx_word' id='word_1_65' title='bbox 553 914 729 965; x_wconf 91' lang='lat' dir='ltr'>posse</span> <span class='ocrx_word' id='word_1_66' title='bbox 768 915 840 951; x_wconf 84' lang='lat' dir='ltr'>ex</span> <span class='ocrx_word' id='word_1_67' title='bbox 878 900 974 964; x_wconf 66' lang='grc' dir='ltr'>εἰς,</span> <span class='ocrx_word' id='word_1_68' title='bbox 1025 915 1172 966; x_wconf 90' lang='lat' dir='ltr'>quae</span> <span class='ocrx_word' id='word_1_69' title='bbox 1210 900 1511 966; x_wconf 79' lang='lat' dir='ltr'>disputavi,</span> <span class='ocrx_word' id='word_1_70' title='bbox 1549 900 1718 951; x_wconf 82' lang='lat' dir='ltr'>facile</span> <span class='ocrx_word' id='word_1_71' title='bbox 1755 901 2196 954; x_wconf 86' lang='lat' dir='ltr'>demonstratur.</span> 
     </span>
     <span class='ocr_line' id='line_1_8' title="bbox 229 988 2196 1057; baseline 0.001 -16"><span class='ocrx_word' id='word_1_72' title='bbox 229 988 379 1042; x_wconf 85' lang='lat' dir='ltr'>Nam</span> <span class='ocrx_word' id='word_1_73' title='bbox 410 989 468 1040; x_wconf 93' lang='lat' dir='ltr'>in</span> <span class='ocrx_word' id='word_1_74' title='bbox 499 989 684 1055; x_wconf 89' lang='lat' dir='ltr'>prima</span> <span class='ocrx_word' id='word_1_75' title='bbox 710 989 1084 1055; x_wconf 82' lang='lat' dir='ltr'>epistularum</span> <span class='ocrx_word' id='word_1_76' title='bbox 1109 990 1278 1041; x_wconf 90' lang='lat' dir='ltr'>trium</span> <span class='ocrx_word' id='word_1_77' title='bbox 1311 990 1642 1053; x_wconf 87' lang='lat' dir='ltr'>Ptolemaei,</span> <span class='ocrx_word' id='word_1_78' title='bbox 1677 991 1882 1055; x_wconf 91' lang='lat' dir='ltr'>quibus</span> <span class='ocrx_word' id='word_1_79' title='bbox 1906 991 2196 1057; x_wconf 83' lang='lat' dir='ltr'>inscriptio</span> 
     </span>
     <span class='ocr_line' id='line_1_9' title="bbox 230 1060 2198 1144; baseline 0 -13"><span class='ocrx_word' id='word_1_80' title='bbox 230 1060 463 1131; x_wconf 85' lang='lat' dir='ltr'>&#39;Graeca</span> <span class='ocrx_word' id='word_1_81' title='bbox 524 1081 860 1144; x_wconf 88' lang='lat' dir='ltr'>completur,</span> <span class='ocrx_word' id='word_1_82' title='bbox 923 1079 1103 1130; x_wconf 87' lang='lat' dir='ltr'>series</span> <span class='ocrx_word' id='word_1_83' title='bbox 1157 1093 1363 1144; x_wconf 85' lang='lat' dir='ltr'>regum</span> <span class='ocrx_word' id='word_1_84' title='bbox 1415 1080 1528 1130; x_wconf 89' lang='lat' dir='ltr'>hoc</span> <span class='ocrx_word' id='word_1_85' title='bbox 1580 1079 1754 1130; x_wconf 92' lang='lat' dir='ltr'>modo</span> <span class='ocrx_word' id='word_1_86' title='bbox 1808 1069 2044 1131; x_wconf 53' lang='lat' dir='ltr'>finitur?</span> <span class='ocrx_word' id='word_1_87' title='bbox 2088 1083 2198 1131; x_wconf 84' lang='grc' dir='ltr'>θεοὶ</span> 
     </span>
     <span class='ocr_line' id='line_1_10' title="bbox 223 1163 2197 1233; baseline 0.001 -15"><span class='ocrx_word' id='word_1_88' title='bbox 223 1166 546 1231; x_wconf 84' lang='grc' dir='ltr'>Ἐπιφανεῖς</span> <span class='ocrx_word' id='word_1_89' title='bbox 581 1197 647 1203; x_wconf 82' lang='lat'>——</span> <span class='ocrx_word' id='word_1_90' title='bbox 685 1169 810 1229; x_wconf 86' lang='grc' dir='ltr'>θεὸς</span> <span class='ocrx_word' id='word_1_91' title='bbox 859 1167 1119 1230; x_wconf 82' lang='grc' dir='ltr'>Εὐπάτωρ</span> <span class='ocrx_word' id='word_1_92' title='bbox 1159 1197 1219 1204; x_wconf 89' lang='lat'>——</span> <span class='ocrx_word' id='word_1_93' title='bbox 1254 1168 1380 1229; x_wconf 85' lang='grc' dir='ltr'>θεὸς</span> <span class='ocrx_word' id='word_1_94' title='bbox 1429 1163 1748 1232; x_wconf 76' lang='grc' dir='ltr'>Φιλομήτωρ</span> <span class='ocrx_word' id='word_1_95' title='bbox 1784 1200 1847 1205; x_wconf 92' lang='grc'>-</span> <span class='ocrx_word' id='word_1_96' title='bbox 1880 1170 1992 1220; x_wconf 85' lang='grc' dir='ltr'>θεοὶ</span> <span class='ocrx_word' id='word_1_97' title='bbox 2041 1171 2197 1233; x_wconf 79' lang='grc' dir='ltr'>Εὐερ·</span> 
     </span>
     <span class='ocr_line' id='line_1_11' title="bbox 230 1256 2196 1323; baseline 0.002 -16"><span class='ocrx_word' id='word_1_98' title='bbox 230 1257 399 1322; x_wconf 61' lang='lat' dir='ltr'>Teren,</span> <span class='ocrx_word' id='word_1_99' title='bbox 455 1257 613 1323; x_wconf 87' lang='lat' dir='ltr'>atqui</span> <span class='ocrx_word' id='word_1_100' title='bbox 667 1257 926 1308; x_wconf 89' lang='lat' dir='ltr'>ordinem</span> <span class='ocrx_word' id='word_1_101' title='bbox 982 1256 1602 1321; x_wconf 84' lang='grc' dir='ltr'>Εὐπάτωρ-Φιλομήτωρ</span> <span class='ocrx_word' id='word_1_102' title='bbox 1657 1266 1866 1310; x_wconf 84' lang='lat' dir='ltr'>octavo</span> <span class='ocrx_word' id='word_1_103' title='bbox 1921 1260 2196 1310; x_wconf 89' lang='lat' dir='ltr'>decennio</span> 
     </span>
     <span class='ocr_line' id='line_1_12' title="bbox 230 1345 2199 1415; baseline 0.002 -18"><span class='ocrx_word' id='word_1_104' title='bbox 230 1345 292 1398; x_wconf 92' lang='grc' dir='ltr'>ΙΙ.</span> <span class='ocrx_word' id='word_1_105' title='bbox 331 1346 547 1397; x_wconf 88' lang='lat' dir='ltr'>saeculi</span> <span class='ocrx_word' id='word_1_106' title='bbox 592 1361 709 1397; x_wconf 90' lang='lat' dir='ltr'>non</span> <span class='ocrx_word' id='word_1_107' title='bbox 754 1346 870 1397; x_wconf 90' lang='lat' dir='ltr'>iam</span> <span class='ocrx_word' id='word_1_108' title='bbox 916 1346 1159 1397; x_wconf 85' lang='lat' dir='ltr'>inveniri</span> <span class='ocrx_word' id='word_1_109' title='bbox 1194 1361 1370 1412; x_wconf 86' lang='lat' dir='ltr'>supra</span> <span class='ocrx_word' id='word_1_110' title='bbox 1406 1347 1676 1414; x_wconf 84' lang='lat' dir='ltr'>Vidimus;</span> <span class='ocrx_word' id='word_1_111' title='bbox 1725 1348 1918 1414; x_wconf 87' lang='lat' dir='ltr'>itaque</span> <span class='ocrx_word' id='word_1_112' title='bbox 1956 1350 2199 1415; x_wconf 90' lang='lat' dir='ltr'>epistula</span> 
     </span>
     <span class='ocr_line' id='line_1_13' title="bbox 231 1435 2198 1504; baseline 0.003 -18"><span class='ocrx_word' id='word_1_113' title='bbox 231 1435 387 1502; x_wconf 82' lang='lat' dir='ltr'>regis</span> <span class='ocrx_word' id='word_1_114' title='bbox 444 1450 561 1486; x_wconf 90' lang='lat' dir='ltr'>non</span> <span class='ocrx_word' id='word_1_115' title='bbox 617 1435 767 1487; x_wconf 89' lang='lat' dir='ltr'>intra</span> <span class='ocrx_word' id='word_1_116' title='bbox 825 1451 1107 1488; x_wconf 90' lang='lat' dir='ltr'>annorum</span> <span class='ocrx_word' id='word_1_117' title='bbox 1164 1437 1426 1488; x_wconf 81' lang='grc'>126-117</span> <span class='ocrx_word' id='word_1_118' title='bbox 1486 1438 1735 1503; x_wconf 90' lang='lat' dir='ltr'>spatium</span> <span class='ocrx_word' id='word_1_119' title='bbox 1796 1439 2010 1504; x_wconf 91' lang='lat' dir='ltr'>scripta</span> <span class='ocrx_word' id='word_1_120' title='bbox 2070 1455 2198 1491; x_wconf 91' lang='lat' dir='ltr'>esse</span> 
     </span>
     <span class='ocr_line' id='line_1_14' title="bbox 229 1527 2200 1596; baseline 0.003 -20"><span class='ocrx_word' id='word_1_121' title='bbox 229 1530 424 1591; x_wconf 88' lang='lat' dir='ltr'>potest</span> <span class='ocrx_word' id='word_1_122' title='bbox 459 1555 522 1562; x_wconf 82' lang='lat'>-—</span> <span class='ocrx_word' id='word_1_123' title='bbox 556 1541 745 1592; x_wconf 86' lang='lat' dir='ltr'>neque</span> <span class='ocrx_word' id='word_1_124' title='bbox 784 1527 934 1578; x_wconf 90' lang='lat' dir='ltr'>enim</span> <span class='ocrx_word' id='word_1_125' title='bbox 970 1527 1273 1592; x_wconf 90' lang='lat' dir='ltr'>quisquam</span> <span class='ocrx_word' id='word_1_126' title='bbox 1308 1527 1416 1579; x_wconf 90' lang='lat' dir='ltr'>nisi</span> <span class='ocrx_word' id='word_1_127' title='bbox 1453 1536 1691 1580; x_wconf 90' lang='lat' dir='ltr'>coactus</span> <span class='ocrx_word' id='word_1_128' title='bbox 1729 1529 1800 1580; x_wconf 90' lang='lat' dir='ltr'>de</span> <span class='ocrx_word' id='word_1_129' title='bbox 1838 1545 2032 1581; x_wconf 90' lang='lat' dir='ltr'>errore</span> <span class='ocrx_word' id='word_1_130' title='bbox 2066 1531 2200 1596; x_wconf 92' lang='lat' dir='ltr'>lapi-</span> 
     </span>
     <span class='ocr_line' id='line_1_15' title="bbox 233 1614 2198 1686; baseline 0.003 -20"><span class='ocrx_word' id='word_1_131' title='bbox 233 1614 395 1667; x_wconf 84' lang='lat' dir='ltr'>cidae</span> <span class='ocrx_word' id='word_1_132' title='bbox 432 1616 706 1681; x_wconf 85' lang='lat' dir='ltr'>cogitabit</span> <span class='ocrx_word' id='word_1_133' title='bbox 721 1616 762 1681; x_wconf 88' lang='lat'>¹)</span> <span class='ocrx_word' id='word_1_134' title='bbox 799 1646 880 1680; x_wconf 90' lang='lat'>-,</span> <span class='ocrx_word' id='word_1_135' title='bbox 926 1617 1031 1668; x_wconf 87' lang='lat' dir='ltr'>sed</span> <span class='ocrx_word' id='word_1_136' title='bbox 1068 1626 1316 1669; x_wconf 84' lang='lat' dir='ltr'>exeunte</span> <span class='ocrx_word' id='word_1_137' title='bbox 1353 1626 1519 1669; x_wconf 83' lang='lat' dir='ltr'>sexto</span> <span class='ocrx_word' id='word_1_138' title='bbox 1556 1620 1651 1670; x_wconf 84' lang='lat' dir='ltr'>vel</span> <span class='ocrx_word' id='word_1_139' title='bbox 1686 1619 1917 1671; x_wconf 88' lang='lat' dir='ltr'>ineunte</span> <span class='ocrx_word' id='word_1_140' title='bbox 1953 1621 2198 1686; x_wconf 85' lang='lat' dir='ltr'>septimo</span> 
     </span>
     <span class='ocr_line' id='line_1_16' title="bbox 233 1705 2198 1772; baseline 0.002 -17"><span class='ocrx_word' id='word_1_141' title='bbox 233 1705 526 1768; x_wconf 83' lang='lat' dir='ltr'>decenniO,</span> <span class='ocrx_word' id='word_1_142' title='bbox 554 1713 610 1756; x_wconf 90' lang='lat' dir='ltr'>et</span> <span class='ocrx_word' id='word_1_143' title='bbox 635 1706 906 1771; x_wconf 88' lang='lat' dir='ltr'>quoniam</span> <span class='ocrx_word' id='word_1_144' title='bbox 935 1721 1114 1772; x_wconf 87' lang='lat' dir='ltr'>usque</span> <span class='ocrx_word' id='word_1_145' title='bbox 1141 1708 1215 1758; x_wconf 88' lang='lat' dir='ltr'>ad</span> <span class='ocrx_word' id='word_1_146' title='bbox 1240 1722 1290 1759; x_wconf 89' lang='lat' dir='ltr'>a.</span> <span class='ocrx_word' id='word_1_147' title='bbox 1314 1708 1409 1759; x_wconf 87' lang='grc'>139</span> <span class='ocrx_word' id='word_1_148' title='bbox 1429 1708 1570 1758; x_wconf 85' lang='lat' dir='ltr'>ordo</span> <span class='ocrx_word' id='word_1_149' title='bbox 1594 1705 2198 1772; x_wconf 84' lang='grc' dir='ltr'>Εὐπάτωρ-Φιλομήτωρ</span> 
     </span>
     <span class='ocr_line' id='line_1_17' title="bbox 233 1794 2199 1864; baseline 0.002 -17"><span class='ocrx_word' id='word_1_150' title='bbox 233 1794 513 1860; x_wconf 85' lang='lat' dir='ltr'>exemplis</span> <span class='ocrx_word' id='word_1_151' title='bbox 549 1796 783 1860; x_wconf 89' lang='lat' dir='ltr'>probari</span> <span class='ocrx_word' id='word_1_152' title='bbox 818 1804 1025 1862; x_wconf 89' lang='lat' dir='ltr'>potest,</span> <span class='ocrx_word' id='word_1_153' title='bbox 1062 1797 1212 1848; x_wconf 90' lang='lat' dir='ltr'>inter</span> <span class='ocrx_word' id='word_1_154' title='bbox 1248 1813 1430 1849; x_wconf 89' lang='lat' dir='ltr'>annos</span> <span class='ocrx_word' id='word_1_155' title='bbox 1471 1799 1566 1849; x_wconf 83' lang='grc'>145</span> <span class='ocrx_word' id='word_1_156' title='bbox 1603 1805 1659 1849; x_wconf 91' lang='lat' dir='ltr'>et</span> <span class='ocrx_word' id='word_1_157' title='bbox 1688 1799 1782 1849; x_wconf 89' lang='grc'>139</span> <span class='ocrx_word' id='word_1_158' title='bbox 1805 1798 1929 1849; x_wconf 82' lang='lat' dir='ltr'>fere</span> <span class='ocrx_word' id='word_1_159' title='bbox 1955 1799 2199 1864; x_wconf 90' lang='lat' dir='ltr'>epistula</span> 
     </span>
     <span class='ocr_line' id='line_1_18' title="bbox 231 1884 2199 1952; baseline 0.002 -17"><span class='ocrx_word' id='word_1_160' title='bbox 231 1884 387 1949; x_wconf 81' lang='lat' dir='ltr'>regis</span> <span class='ocrx_word' id='word_1_161' title='bbox 423 1884 637 1950; x_wconf 84' lang='lat' dir='ltr'>scripta</span> <span class='ocrx_word' id='word_1_162' title='bbox 673 1899 804 1937; x_wconf 89' lang='lat' dir='ltr'>esse</span> <span class='ocrx_word' id='word_1_163' title='bbox 840 1886 1081 1950; x_wconf 85' lang='lat' dir='ltr'>videtur,</span> <span class='ocrx_word' id='word_1_164' title='bbox 1118 1888 1214 1938; x_wconf 86' lang='lat' dir='ltr'>vel</span> <span class='ocrx_word' id='word_1_165' title='bbox 1238 1894 1300 1938; x_wconf 94' lang='lat' dir='ltr'>ut</span> <span class='ocrx_word' id='word_1_166' title='bbox 1325 1889 1650 1939; x_wconf 87' lang='lat' dir='ltr'>accuratius</span> <span class='ocrx_word' id='word_1_167' title='bbox 1674 1895 1939 1952; x_wconf 85' lang='lat' dir='ltr'>tempora</span> <span class='ocrx_word' id='word_1_168' title='bbox 1965 1888 2199 1939; x_wconf 87' lang='lat' dir='ltr'>circum-</span> 
     </span>
     <span class='ocr_line' id='line_1_19' title="bbox 233 1974 2198 2042; baseline 0.002 -16"><span class='ocrx_word' id='word_1_169' title='bbox 233 1974 569 2038; x_wconf 80' lang='lat' dir='ltr'>scribamUS,</span> <span class='ocrx_word' id='word_1_170' title='bbox 619 1974 768 2026; x_wconf 89' lang='lat' dir='ltr'>inter</span> <span class='ocrx_word' id='word_1_171' title='bbox 816 1990 998 2026; x_wconf 88' lang='lat' dir='ltr'>annos</span> <span class='ocrx_word' id='word_1_172' title='bbox 1052 1976 1147 2026; x_wconf 89' lang='grc'>143</span> <span class='ocrx_word' id='word_1_173' title='bbox 1196 1983 1252 2027; x_wconf 89' lang='lat' dir='ltr'>et</span> <span class='ocrx_word' id='word_1_174' title='bbox 1303 1977 1421 2039; x_wconf 76' lang='lat'><strong>1393</strong></span> <span class='ocrx_word' id='word_1_175' title='bbox 1475 1992 1662 2042; x_wconf 88' lang='lat' dir='ltr'>neque</span> <span class='ocrx_word' id='word_1_176' title='bbox 1711 1977 1864 2028; x_wconf 90' lang='lat' dir='ltr'>enim</span> <span class='ocrx_word' id='word_1_177' title='bbox 1913 1993 2063 2029; x_wconf 89' lang='lat' dir='ltr'>anno</span> <span class='ocrx_word' id='word_1_178' title='bbox 2106 1980 2198 2029; x_wconf 89' lang='grc'>143</span> 
     </span>
     <span class='ocr_line' id='line_1_20' title="bbox 231 2065 2198 2130; baseline 0.002 -15"><span class='ocrx_word' id='word_1_179' title='bbox 231 2065 590 2130; x_wconf 88' lang='lat' dir='ltr'>superiorem</span> <span class='ocrx_word' id='word_1_180' title='bbox 628 2079 759 2116; x_wconf 90' lang='lat' dir='ltr'>eam</span> <span class='ocrx_word' id='word_1_181' title='bbox 793 2066 1008 2116; x_wconf 87' lang='lat' dir='ltr'>habere</span> <span class='ocrx_word' id='word_1_182' title='bbox 1044 2065 1190 2125; x_wconf 87' lang='lat' dir='ltr'>licet,</span> <span class='ocrx_word' id='word_1_183' title='bbox 1234 2073 1296 2116; x_wconf 94' lang='lat' dir='ltr'>ut</span> <span class='ocrx_word' id='word_1_184' title='bbox 1333 2065 1595 2117; x_wconf 89' lang='lat' dir='ltr'>Wilcken</span> <span class='ocrx_word' id='word_1_185' title='bbox 1633 2073 1689 2116; x_wconf 94' lang='lat' dir='ltr'>et</span> <span class='ocrx_word' id='word_1_186' title='bbox 1725 2066 1932 2117; x_wconf 85' lang='lat' dir='ltr'>Strack</span> <span class='ocrx_word' id='word_1_187' title='bbox 1968 2067 2198 2118; x_wconf 87' lang='lat' dir='ltr'>demon-</span> 
     </span>
     <span class='ocr_line' id='line_1_21' title="bbox 229 2153 2197 2221; baseline 0.002 -17"><span class='ocrx_word' id='word_1_188' title='bbox 229 2161 561 2205; x_wconf 84' lang='lat' dir='ltr'>straverunt</span> <span class='ocrx_word' id='word_1_189' title='bbox 597 2153 688 2218; x_wconf 83' lang='lat' dir='ltr'>(cf.</span> <span class='ocrx_word' id='word_1_190' title='bbox 727 2169 859 2219; x_wconf 84' lang='lat' dir='ltr'>pag.</span> <span class='ocrx_word' id='word_1_191' title='bbox 884 2155 1016 2219; x_wconf 81' lang='lat'><strong>36¹).</strong></span> <span class='ocrx_word' id='word_1_192' title='bbox 1065 2154 1242 2219; x_wconf 83' lang='lat' dir='ltr'>Igitur</span> <span class='ocrx_word' id='word_1_193' title='bbox 1265 2170 1382 2205; x_wconf 90' lang='lat' dir='ltr'>non</span> <span class='ocrx_word' id='word_1_194' title='bbox 1405 2156 1585 2205; x_wconf 90' lang='lat' dir='ltr'>multo</span> <span class='ocrx_word' id='word_1_195' title='bbox 1611 2162 1743 2220; x_wconf 93' lang='lat' dir='ltr'>post</span> <span class='ocrx_word' id='word_1_196' title='bbox 1767 2156 2197 2221; x_wconf 90' lang='lat' dir='ltr'>inscriptionem</span> 
     </span>
     <span class='ocr_line' id='line_1_22' title="bbox 227 2241 2194 2310; baseline 0.002 -15"><span class='ocrx_word' id='word_1_197' title='bbox 227 2241 727 2309; x_wconf 84' lang='lat' dir='ltr'>hieroglyphicam</span> <span class='ocrx_word' id='word_1_198' title='bbox 781 2252 1024 2310; x_wconf 88' lang='lat' dir='ltr'>apparet</span> <span class='ocrx_word' id='word_1_199' title='bbox 1075 2245 1316 2295; x_wconf 89' lang='lat' dir='ltr'>incisam</span> <span class='ocrx_word' id='word_1_200' title='bbox 1370 2259 1499 2296; x_wconf 89' lang='lat' dir='ltr'>esse</span> <span class='ocrx_word' id='word_1_201' title='bbox 1548 2245 1854 2310; x_wconf 89' lang='lat' dir='ltr'>epistulam</span> <span class='ocrx_word' id='word_1_202' title='bbox 1891 2246 2194 2309; x_wconf 89' lang='lat' dir='ltr'>Graecam,</span> 
     </span>
     <span class='ocr_line' id='line_1_23' title="bbox 226 2332 2196 2398; baseline 0.003 -15"><span class='ocrx_word' id='word_1_203' title='bbox 226 2332 285 2383; x_wconf 87' lang='lat' dir='ltr'>id</span> <span class='ocrx_word' id='word_1_204' title='bbox 332 2332 486 2398; x_wconf 88' lang='lat' dir='ltr'>quod</span> <span class='ocrx_word' id='word_1_205' title='bbox 522 2332 695 2383; x_wconf 88' lang='lat' dir='ltr'>etiam</span> <span class='ocrx_word' id='word_1_206' title='bbox 741 2348 847 2398; x_wconf 92' lang='lat' dir='ltr'>per</span> <span class='ocrx_word' id='word_1_207' title='bbox 883 2348 947 2384; x_wconf 90' lang='lat' dir='ltr'>se</span> <span class='ocrx_word' id='word_1_208' title='bbox 983 2333 1293 2384; x_wconf 86' lang='lat' dir='ltr'>verisimile</span> <span class='ocrx_word' id='word_1_209' title='bbox 1331 2342 1433 2385; x_wconf 89' lang='lat' dir='ltr'>est.</span> <span class='ocrx_word' id='word_1_210' title='bbox 1505 2334 1727 2385; x_wconf 90' lang='lat' dir='ltr'>Tamen</span> <span class='ocrx_word' id='word_1_211' title='bbox 1763 2336 2196 2388; x_wconf 86' lang='lat' dir='ltr'>concedendum</span> 
     </span>
     <span class='ocr_line' id='line_1_24' title="bbox 227 2423 2194 2492; baseline 0.002 -19"><span class='ocrx_word' id='word_1_212' title='bbox 227 2429 318 2474; x_wconf 90' lang='lat' dir='ltr'>est</span> <span class='ocrx_word' id='word_1_213' title='bbox 371 2423 440 2474; x_wconf 89' lang='lat' dir='ltr'>de</span> <span class='ocrx_word' id='word_1_214' title='bbox 495 2423 701 2474; x_wconf 88' lang='lat' dir='ltr'>eodem</span> <span class='ocrx_word' id='word_1_215' title='bbox 736 2423 936 2474; x_wconf 88' lang='lat' dir='ltr'>Locho</span> <span class='ocrx_word' id='word_1_216' title='bbox 979 2423 1037 2474; x_wconf 92' lang='lat' dir='ltr'>in</span> <span class='ocrx_word' id='word_1_217' title='bbox 1079 2424 1448 2489; x_wconf 90' lang='lat' dir='ltr'>inscriptione</span> <span class='ocrx_word' id='word_1_218' title='bbox 1484 2424 1736 2475; x_wconf 89' lang='lat' dir='ltr'>Philensi</span> <span class='ocrx_word' id='word_1_219' title='bbox 1780 2432 1837 2476; x_wconf 92' lang='lat' dir='ltr'>et</span> <span class='ocrx_word' id='word_1_220' title='bbox 1878 2426 1934 2477; x_wconf 94' lang='lat' dir='ltr'>in</span> <span class='ocrx_word' id='word_1_221' title='bbox 1970 2440 2194 2492; x_wconf 83' lang='lat' dir='ltr'>papyro</span> 
     </span>
     <span class='ocr_line' id='line_1_25' title="bbox 175 2509 874 2578; baseline -0.003 -14"><span class='ocrx_word' id='word_1_222' title='bbox 175 2551 179 2554; x_wconf 85' lang='lat'><em>-</em></span> <span class='ocrx_word' id='word_1_223' title='bbox 225 2509 486 2564; x_wconf 86' lang='lat' dir='ltr'>Parisino</span> <span class='ocrx_word' id='word_1_224' title='bbox 523 2514 555 2563; x_wconf 84' lang='lat'>6</span> <span class='ocrx_word' id='word_1_225' title='bbox 592 2513 700 2578; x_wconf 81' lang='lat' dir='ltr'>agi.</span> <span class='ocrx_word' id='word_1_226' title='bbox 869 2568 874 2572; x_wconf 18' lang='lat'>⁵</span> 
     </span>
    </p>

    <p class='ocr_par' dir='ltr' id='par_1_3' title="bbox 149 2602 2195 3115">
     <span class='ocr_line' id='line_1_26' title="bbox 405 2602 2195 2669; baseline 0.003 -17"><span class='ocrx_word' id='word_1_227' title='bbox 405 2603 626 2653; x_wconf 89' lang='lat' dir='ltr'>Eadem</span> <span class='ocrx_word' id='word_1_228' title='bbox 672 2603 795 2653; x_wconf 77' lang='lat' dir='ltr'>fere</span> <span class='ocrx_word' id='word_1_229' title='bbox 842 2617 937 2653; x_wconf 91' lang='lat' dir='ltr'>res</span> <span class='ocrx_word' id='word_1_230' title='bbox 974 2610 1063 2654; x_wconf 92' lang='lat' dir='ltr'>est</span> <span class='ocrx_word' id='word_1_231' title='bbox 1099 2602 1156 2653; x_wconf 87' lang='lat' dir='ltr'>in</span> <span class='ocrx_word' id='word_1_232' title='bbox 1193 2603 1621 2668; x_wconf 79' lang='lat' dir='ltr'>supplementiS,</span> <span class='ocrx_word' id='word_1_233' title='bbox 1661 2619 1808 2669; x_wconf 92' lang='lat' dir='ltr'>quae</span> <span class='ocrx_word' id='word_1_234' title='bbox 1845 2605 2102 2656; x_wconf 84' lang='lat' dir='ltr'>Grenfell</span> <span class='ocrx_word' id='word_1_235' title='bbox 2139 2615 2195 2658; x_wconf 88' lang='lat' dir='ltr'>et</span> 
     </span>
     <span class='ocr_line' id='line_1_27' title="bbox 225 2691 2194 2757; baseline 0.002 -15"><span class='ocrx_word' id='word_1_236' title='bbox 225 2691 384 2742; x_wconf 92' lang='lat' dir='ltr'>Hunt</span> <span class='ocrx_word' id='word_1_237' title='bbox 420 2691 719 2755; x_wconf 82' lang='lat' dir='ltr'>(Amherst</span> <span class='ocrx_word' id='word_1_238' title='bbox 754 2706 884 2757; x_wconf 88' lang='lat' dir='ltr'>pap.</span> <span class='ocrx_word' id='word_1_239' title='bbox 911 2691 973 2754; x_wconf 89' lang='lat' dir='ltr'>II,</span> <span class='ocrx_word' id='word_1_240' title='bbox 1011 2692 1096 2756; x_wconf 89' lang='grc'>44)</span> <span class='ocrx_word' id='word_1_241' title='bbox 1134 2692 1624 2757; x_wconf 81' lang='lat' dir='ltr'>excogitaverunt,</span> <span class='ocrx_word' id='word_1_242' title='bbox 1680 2708 1811 2744; x_wconf 90' lang='lat' dir='ltr'>cum</span> <span class='ocrx_word' id='word_1_243' title='bbox 1846 2693 1903 2745; x_wconf 92' lang='lat' dir='ltr'>in</span> <span class='ocrx_word' id='word_1_244' title='bbox 1939 2708 2024 2745; x_wconf 80' lang='lat' dir='ltr'>vs,</span> <span class='ocrx_word' id='word_1_245' title='bbox 2070 2696 2101 2745; x_wconf 88' lang='grc'>3</span> <span class='ocrx_word' id='word_1_246' title='bbox 2139 2704 2194 2746; x_wconf 90' lang='lat' dir='ltr'>et</span> 
     </span>
     <span class='ocr_line' id='line_1_28' title="bbox 225 2779 2193 2849; baseline 0.002 -17"><span class='ocrx_word' id='word_1_247' title='bbox 225 2781 292 2833; x_wconf 85' lang='lat'>20</span> <span class='ocrx_word' id='word_1_248' title='bbox 338 2781 692 2847; x_wconf 90' lang='lat' dir='ltr'>scripserunt</span> <span class='ocrx_word' id='word_1_249' title='bbox 743 2784 871 2832; x_wconf 83' lang='grc' dir='ltr'>θεοῦ</span> <span class='ocrx_word' id='word_1_250' title='bbox 922 2781 1235 2844; x_wconf 83' lang='grc' dir='ltr'>Εὐπάτορος</span> <span class='ocrx_word' id='word_1_251' title='bbox 1271 2782 1355 2832; x_wconf 86' lang='grc' dir='ltr'>καὶ</span> <span class='ocrx_word' id='word_1_252' title='bbox 1391 2784 1518 2832; x_wconf 82' lang='grc' dir='ltr'>Θεοῦ</span> <span class='ocrx_word' id='word_1_253' title='bbox 1558 2779 1951 2848; x_wconf 88' lang='grc' dir='ltr'>Φιλομήτορος;</span> <span class='ocrx_word' id='word_1_254' title='bbox 2000 2799 2193 2849; x_wconf 87' lang='lat' dir='ltr'>quam-</span> 
     </span>
     <span class='ocr_line' id='line_1_29' title="bbox 225 2868 2190 2936; baseline 0.001 -15"><span class='ocrx_word' id='word_1_255' title='bbox 225 2881 400 2936; x_wconf 86' lang='lat' dir='ltr'>quam</span> <span class='ocrx_word' id='word_1_256' title='bbox 454 2871 900 2936; x_wconf 85' lang='lat' dir='ltr'>praeferendum</span> <span class='ocrx_word' id='word_1_257' title='bbox 955 2885 1084 2922; x_wconf 91' lang='lat' dir='ltr'>esse</span> <span class='ocrx_word' id='word_1_258' title='bbox 1134 2886 1344 2922; x_wconf 89' lang='lat' dir='ltr'>censeo</span> <span class='ocrx_word' id='word_1_259' title='bbox 1393 2872 1476 2921; x_wconf 84' lang='grc' dir='ltr'>καὶ</span> <span class='ocrx_word' id='word_1_260' title='bbox 1520 2873 1647 2921; x_wconf 87' lang='grc' dir='ltr'>θεοῦ</span> <span class='ocrx_word' id='word_1_261' title='bbox 1687 2868 2059 2935; x_wconf 76' lang='grc' dir='ltr'>Φιλομήτορος</span> <span class='ocrx_word' id='word_1_262' title='bbox 2108 2875 2190 2923; x_wconf 90' lang='grc' dir='ltr'>καὶ</span> 
     </span>
     <span class='ocr_line' id='line_1_30' title="bbox 149 2955 2191 3027; baseline 0.001 -17"><span class='ocrx_word' id='word_1_263' title='bbox 149 2955 151 2958; x_wconf 71' lang='grc'>’</span> <span class='ocrx_word' id='word_1_264' title='bbox 221 2961 355 3011; x_wconf 80' lang='grc' dir='ltr'>’θεοῦ</span> <span class='ocrx_word' id='word_1_265' title='bbox 394 2959 723 3023; x_wconf 83' lang='grc' dir='ltr'>Εὐπάτορος,</span> <span class='ocrx_word' id='word_1_266' title='bbox 760 2969 955 3012; x_wconf 90' lang='lat' dir='ltr'>tamen</span> <span class='ocrx_word' id='word_1_267' title='bbox 992 2968 1151 3012; x_wconf 86' lang='lat' dir='ltr'>certa</span> <span class='ocrx_word' id='word_1_268' title='bbox 1186 2960 1444 3026; x_wconf 80' lang='lat' dir='ltr'>profiteri</span> <span class='ocrx_word' id='word_1_269' title='bbox 1479 2975 1720 3026; x_wconf 86' lang='lat' dir='ltr'>nequeO,</span> <span class='ocrx_word' id='word_1_270' title='bbox 1767 2976 1899 3012; x_wconf 92' lang='lat' dir='ltr'>cum</span> <span class='ocrx_word' id='word_1_271' title='bbox 1934 2976 2191 3027; x_wconf 86' lang='lat' dir='ltr'>papyrus</span> 
     </span>
     <span class='ocr_line' id='line_1_31' title="bbox 224 3048 1992 3115; baseline 0.001 -15"><span class='ocrx_word' id='word_1_272' title='bbox 224 3048 341 3100; x_wconf 88' lang='lat' dir='ltr'>iam</span> <span class='ocrx_word' id='word_1_273' title='bbox 377 3063 527 3100; x_wconf 88' lang='lat' dir='ltr'>anno</span> <span class='ocrx_word' id='word_1_274' title='bbox 570 3050 745 3101; x_wconf 69' lang='lat' dir='ltr'>13sss37</span> <span class='ocrx_word' id='word_1_275' title='bbox 783 3050 1030 3115; x_wconf 88' lang='lat' dir='ltr'>scriptus</span> <span class='ocrx_word' id='word_1_276' title='bbox 1068 3050 1153 3101; x_wconf 91' lang='lat' dir='ltr'>sit.</span> <span class='ocrx_word' id='word_1_277' title='bbox 1990 3054 1992 3056; x_wconf 76' lang='grc'><strong>’</strong></span> 
     </span>
    </p>
   </div>
   <div class='ocr_carea' id='block_1_3' title="bbox 224 3225 2189 3650">
    <p class='ocr_par' dir='ltr' id='par_1_4' title="bbox 224 3225 2189 3503">
     <span class='ocr_line' id='line_1_32' title="bbox 224 3225 2187 3281; baseline 0.003 -17"><span class='ocrx_word' id='word_1_278' title='bbox 224 3225 315 3277; x_wconf 81' lang='lat' dir='ltr'>&#39;ejus</span> <span class='ocrx_word' id='word_1_279' title='bbox 348 3227 437 3265; x_wconf 75' lang='lat' dir='ltr'>‘filia</span> <span class='ocrx_word' id='word_1_280' title='bbox 474 3239 561 3266; x_wconf 83' lang='lat' dir='ltr'>non</span> <span class='ocrx_word' id='word_1_281' title='bbox 597 3228 840 3278; x_wconf 82' lang='lat' dir='ltr'>regnavisse</span> <span class='ocrx_word' id='word_1_282' title='bbox 879 3228 950 3277; x_wconf 87' lang='lat' dir='ltr'>(cf.</span> <span class='ocrx_word' id='word_1_283' title='bbox 981 3228 1282 3279; x_wconf 84' lang='lat' dir='ltr'>Dittenberger</span> <span class='ocrx_word' id='word_1_284' title='bbox 1318 3229 1506 3280; x_wconf 83' lang='lat' dir='ltr'>inscript,</span> <span class='ocrx_word' id='word_1_285' title='bbox 1545 3230 1692 3268; x_wconf 85' lang='lat' dir='ltr'>orient.</span> <span class='ocrx_word' id='word_1_286' title='bbox 1723 3229 1752 3277; x_wconf 82' lang='grc' dir='ltr'>Ι,</span> <span class='ocrx_word' id='word_1_287' title='bbox 1788 3229 1910 3278; x_wconf 80' lang='lat'>138⁷),</span> <span class='ocrx_word' id='word_1_288' title='bbox 1949 3230 2187 3281; x_wconf 85' lang='lat' dir='ltr'>infringitur</span> 
     </span>
     <span class='ocr_line' id='line_1_33' title="bbox 225 3299 2189 3356; baseline 0.003 -18"><span class='ocrx_word' id='word_1_289' title='bbox 225 3299 351 3342; x_wconf 86' lang='lat' dir='ltr'>Tebt,</span> <span class='ocrx_word' id='word_1_290' title='bbox 379 3300 423 3339; x_wconf 92' lang='lat' dir='ltr'>P.</span> <span class='ocrx_word' id='word_1_291' title='bbox 453 3301 482 3348; x_wconf 90' lang='lat' dir='ltr'>I,</span> <span class='ocrx_word' id='word_1_292' title='bbox 510 3301 536 3340; x_wconf 86' lang='lat'>6</span> <span class='ocrx_word' id='word_1_293' title='bbox 564 3314 623 3344; x_wconf 84' lang='lat' dir='ltr'>vs.</span> <span class='ocrx_word' id='word_1_294' title='bbox 657 3312 701 3340; x_wconf 91' lang='lat'>12</span> <span class='ocrx_word' id='word_1_295' title='bbox 732 3315 823 3353; x_wconf 89' lang='lat' dir='ltr'>sqq.</span> <span class='ocrx_word' id='word_1_296' title='bbox 867 3303 1026 3354; x_wconf 87' lang='lat' dir='ltr'>scripto</span> <span class='ocrx_word' id='word_1_297' title='bbox 1068 3315 1178 3340; x_wconf 87' lang='lat' dir='ltr'>anno</span> <span class='ocrx_word' id='word_1_298' title='bbox 1223 3307 1373 3351; x_wconf 74' lang='lat'>140139,</span> <span class='ocrx_word' id='word_1_299' title='bbox 1417 3303 1458 3340; x_wconf 89' lang='lat' dir='ltr'>in</span> <span class='ocrx_word' id='word_1_300' title='bbox 1503 3316 1585 3354; x_wconf 85' lang='lat' dir='ltr'>quo</span> <span class='ocrx_word' id='word_1_301' title='bbox 1627 3304 1778 3342; x_wconf 88' lang='lat' dir='ltr'>eodem</span> <span class='ocrx_word' id='word_1_302' title='bbox 1819 3305 1947 3343; x_wconf 88' lang='lat' dir='ltr'>modo</span> <span class='ocrx_word' id='word_1_303' title='bbox 1985 3312 2109 3356; x_wconf 86' lang='lat' dir='ltr'>atque</span> <span class='ocrx_word' id='word_1_304' title='bbox 2148 3307 2189 3343; x_wconf 88' lang='lat' dir='ltr'>in</span> 
     </span>
     <span class='ocr_line' id='line_1_34' title="bbox 226 3375 2187 3431; baseline 0.002 -14"><span class='ocrx_word' id='word_1_305' title='bbox 226 3375 503 3426; x_wconf 81' lang='lat' dir='ltr'>inscriptione</span> <span class='ocrx_word' id='word_1_306' title='bbox 540 3376 727 3415; x_wconf 84' lang='lat' dir='ltr'>Philensi</span> <span class='ocrx_word' id='word_1_307' title='bbox 763 3378 1025 3431; x_wconf 79' lang='grc' dir='ltr'>βασίλισ]σα</span> <span class='ocrx_word' id='word_1_308' title='bbox 1062 3377 1335 3430; x_wconf 85' lang='grc' dir='ltr'>Κλεοπάτρα</span> <span class='ocrx_word' id='word_1_309' title='bbox 1370 3378 1397 3430; x_wconf 83' lang='grc' dir='ltr'>ἡ</span> <span class='ocrx_word' id='word_1_310' title='bbox 1429 3377 1611 3430; x_wconf 81' lang='grc' dir='ltr'>ἀδελφὴ</span> <span class='ocrx_word' id='word_1_311' title='bbox 1650 3377 1724 3420; x_wconf 85' lang='grc' dir='ltr'>καὶ</span> <span class='ocrx_word' id='word_1_312' title='bbox 1762 3378 2003 3430; x_wconf 84' lang='grc' dir='ltr'>βασίλισσα</span> <span class='ocrx_word' id='word_1_313' title='bbox 2034 3378 2187 3431; x_wconf 84' lang='grc' dir='ltr'>[Κλεο-</span> 
     </span>
     <span class='ocr_line' id='line_1_35' title="bbox 225 3448 895 3503; baseline 0.003 -13"><span class='ocrx_word' id='word_1_314' title='bbox 225 3448 381 3501; x_wconf 87' lang='grc' dir='ltr'>πάτρα</span> <span class='ocrx_word' id='word_1_315' title='bbox 408 3451 437 3502; x_wconf 85' lang='grc' dir='ltr'>ἡ</span> <span class='ocrx_word' id='word_1_316' title='bbox 466 3450 583 3503; x_wconf 79' lang='grc' dir='ltr'>γυνή</span> <span class='ocrx_word' id='word_1_317' title='bbox 613 3452 895 3492; x_wconf 87' lang='lat' dir='ltr'>nominantur.</span> 
     </span>
    </p>

    <p class='ocr_par' dir='ltr' id='par_1_5' title="bbox 225 3524 2183 3650">
     <span class='ocr_line' id='line_1_36' title="bbox 404 3524 2183 3579; baseline 0.003 -17"><span class='ocrx_word' id='word_1_318' title='bbox 404 3525 436 3574; x_wconf 85' lang='lat'>1)</span> <span class='ocrx_word' id='word_1_319' title='bbox 465 3524 528 3563; x_wconf 87' lang='lat' dir='ltr'>Ita</span> <span class='ocrx_word' id='word_1_320' title='bbox 556 3525 726 3576; x_wconf 85' lang='lat' dir='ltr'>quidem</span> <span class='ocrx_word' id='word_1_321' title='bbox 754 3526 1068 3578; x_wconf 83' lang='lat' dir='ltr'>Dittenberger,</span> <span class='ocrx_word' id='word_1_322' title='bbox 1099 3528 1287 3578; x_wconf 86' lang='lat' dir='ltr'>inscript.</span> <span class='ocrx_word' id='word_1_323' title='bbox 1317 3528 1465 3566; x_wconf 83' lang='lat' dir='ltr'>orient.</span> <span class='ocrx_word' id='word_1_324' title='bbox 1500 3536 1569 3576; x_wconf 85' lang='lat'>137</span> <span class='ocrx_word' id='word_1_325' title='bbox 1589 3540 1629 3566; x_wconf 92' lang='lat' dir='ltr'>n.</span> <span class='ocrx_word' id='word_1_326' title='bbox 1650 3537 1684 3575; x_wconf 80' lang='lat'>3,</span> <span class='ocrx_word' id='word_1_327' title='bbox 1716 3528 1831 3566; x_wconf 84' lang='lat' dir='ltr'>cuius</span> <span class='ocrx_word' id='word_1_328' title='bbox 1862 3529 2008 3579; x_wconf 84' lang='lat' dir='ltr'>opinio</span> <span class='ocrx_word' id='word_1_329' title='bbox 2038 3536 2183 3568; x_wconf 86' lang='lat' dir='ltr'>nostra</span> 
     </span>
     <span class='ocr_line' id='line_1_37' title="bbox 225 3585 806 3650; baseline 0.007 -15"><span class='ocrx_word' id='word_1_330' title='bbox 225 3596 526 3637; x_wconf 81' lang='lat' dir='ltr'>dissertatione</span> <span class='ocrx_word' id='word_1_331' title='bbox 554 3585 806 3650; x_wconf 86' lang='lat' dir='ltr'>infringitur.</span> 
     </span>
    </p>
   </div>
  </div>
 </body>
</html>
