2496 3996
266 396 333 447 58
661 410 728 449 De
757 411 1034 462 praescriptis
1064 411 1440 450 instrumentorum
1469 411 1736 462 publicorum
1768 419 1848 450 etc.

269 567 397 603 esse
440 551 721 615 videntur,
771 552 818 603 si
856 567 1264 617 comparamus
1313 568 1444 603 cum
1481 553 1687 604 ceteris
1733 554 1971 621 papyris
2021 553 2238 606 eisdem
2300 598 2307 607 .

268 641 430 692 annis
473 640 714 707 scriptis,
765 641 859 707 qui
903 643 1014 692 hoc
1063 642 1236 692 modo
1284 641 1583 707 incipiunt:
1636 642 2045 694 Βασιλευὸντων
2086 643 2238 695 Κλεο-

265 729 470 792 πάτρας
515 731 597 781 καὶ
648 731 915 795 βασιλέως
950 730 1289 794 Πτολεμαίου
1341 732 1480 782 Θεῶν
1527 731 1915 795 Φιλομητόρων
1964 731 2235 796 Σωτήρων

265 819 420 880 ἔτους
465 835 513 870 x
558 822 655 871 τοῦ
705 821 788 870 καὶ
843 821 972 885 (x-3)
1027 821 1113 884 ἐφ’
1168 819 1353 883 ἱερέως
1400 823 1496 871 τοῦ
1555 819 1714 882 ὄντος
1767 820 1823 871 ἐν
1863 820 2236 888 Ἀλεξανδρείᾳ

258 908 616 972 Ἀλεξάνδρου
665 911 748 960 καὶ
797 910 935 961 Θευῦν
983 907 1255 973 Σωτήρων
1312 911 1396 961 καὶ
1443 909 1583 961 Θεῶν
1622 909 1915 973 Ἀδελφυῡν
1957 912 2048 962 καὶ
2095 916 2235 966 Θεῶν

266 995 574 1061 Εὐεργετῶν
611 999 694 1048 καὶ
732 998 869 1049 Θεῶν
909 999 1299 1062 Φιλοπατὸρων
1338 1000 1421 1050 καὶ
1458 1000 1598 1050 Θεῶν
1627 998 1950 1063 Ἐπιφανιῦν
1987 1003 2070 1052 καὶ
2108 1005 2235 1054 Θεοῦ

258 1086 583 1155 Εὐπάτορος
637 1089 720 1138 καὶ
775 1090 902 1140 Θεοῦ
954 1086 1329 1154 Φιλομήτορος
1377 1089 1461 1139 καὶ
1509 1091 1637 1140 Θεοῦ
1687 1089 2064 1154 Φιλοπάτορος
2107 1092 2235 1144 νέου

259 1178 347 1227 ’καὶ
407 1179 534 1231 Θεοῦ
598 1176 894 1241 Εὐεργέτου
945 1179 1028 1228 καὶ
1089 1181 1230 1229 Θεῶν
1292 1178 1682 1241 Φιλομητὸρων
1742 1175 2028 1243 Σωτήρων,
2089 1180 2235 1244 ἱεροῦ

262 1266 448 1317 πώλου
494 1267 700 1329 Ἴσιδος
773 1269 1003 1331 μεγάλης
1063 1268 1262 1331 μητρὸς
1329 1269 1494 1331 Θεῶν,
1569 1268 1891 1332 ἀΘλοφόρου
1956 1269 2235 1333 Βερενίκης

265 1354 625 1421 Εὐεργετίδος,
664 1357 984 1422 κανηφόρου
1013 1358 1304 1421 Ἀρσινόης
1331 1357 1699 1421 Φιλαδέλφου,
1733 1357 2235 1422 ἱερείαςἈρσινὸης

264 1444 640 1509 Φιλοπάτορος
674 1448 784 1498 τῶν
823 1447 995 1498 ὄντων
1047 1447 1102 1498 έν
1137 1446 1517 1514 Ἀλεξανδρείᾳ
1565 1448 1656 1513 (cf.
1696 1450 1965 1514 exempla
2000 1463 2132 1515 pag.
2169 1449 2235 1501 38

263 1536 641 1601 enumerata).

442 1626 501 1678 Si
537 1627 649 1677 hoc
683 1628 1122 1693 praescriptum,
1162 1628 1316 1693 quod
1351 1634 1483 1692 post
1510 1642 1723 1679 annum
1753 1629 1936 1690 116115
1960 1629 2233 1688 usitatum

262 1730 391 1766 esse
428 1716 485 1767 in
522 1717 760 1782 papyris
788 1717 1013 1769 Graece
1052 1717 1279 1783 scriptis
1317 1732 1495 1783 supra
1522 1719 2063 1780 demonst1·avimuS‚
2102 1733 2234 1769 cum

259 1819 485 1870 papyro
510 1806 668 1858 Leid.
706 1806 757 1858 N
795 1822 1219 1872 comparamuS‚
1257 1807 1522 1859 videmus
1559 1808 1806 1874 quinque
1846 1809 1917 1859 ab
1954 1809 2066 1860 hoc
2090 1807 2233 1860 locis

261 1894 519 1947 differre:

264 1986 304 2034 1.
345 1983 375 2034 ὁ
414 1986 539 2046 Θεὸς
577 1985 900 2049 Φιλοπάτωρ
937 1987 1063 2048 νέος
1100 1987 1349 2039 omissus
1389 1995 1500 2053 est;

235 2074 304 2126 2.
344 2074 392 2125 οἱ
429 2075 541 2125 Θεοὶ
580 2071 946 2138 Φιλομήτορες
983 2076 1234 2140 Σωτῆρες
1271 2077 1469 2128 omissi
1505 2085 1663 2143 sunt;

257 2164 302 2214 3.
340 2179 446 2229 pro
502 2164 699 2215 ordine
752 2162 1380 2230 Εὐπάτωρ-Φιλομήτωρ
1438 2168 1579 2218 ordo
1637 2174 1724 2219 est
1773 2163 2233 2230 Φιλομήτωρ-Εὐ-

393 2252 601 2319 πάτωρ;

258 2343 302 2394 4.
341 2358 616 2395 numerus
664 2345 902 2410 pluralis
948 2344 1086 2396 Θεῶν
1127 2344 1436 2408 Εὐεργετῶν
1461 2346 1768 2397 invenitur
1803 2361 1909 2411 pro
1955 2346 2232 2411 singulari

350 2497 355 2502 .
398 2434 525 2483 Θεοῦ
566 2431 891 2499 Εὐεργέτου;

256 2525 302 2574 5.
343 2522 505 2573 deest
531 2523 919 2574 sacerdotium
957 2523 1101 2586 ἱερου
1140 2524 1327 2574 πώλου
1352 2524 1558 2586 Ἴσιδος
1590 2524 1822 2588 μεγάλης
1849 2524 2046 2587 μητρὸς
2073 2523 2228 2576 Θεῶν.

438 2612 664 2663 Dixerit
701 2613 826 2678 quis
877 2614 946 2664 de
997 2614 1287 2666 erroribus
1336 2616 1562 2667 scribae
1612 2615 1782 2667 huius
1827 2613 2034 2679 papyri
2077 2614 2228 2680 cogi-

257 2703 495 2753 tandum
536 2718 666 2753 esse
712 2718 898 2768 neque
945 2718 1054 2768 ego
1090 2703 1139 2754 is
1177 2718 1319 2767 sum,
1362 2705 1457 2770 qui
1493 2704 1821 2770 praefracte
1858 2718 2069 2768 negem
2103 2703 2232 2754 fieri

256 2792 529 2857 potuisse,
566 2801 627 2842 ut
663 2793 810 2842 haec
835 2792 975 2843 vitia
1000 2793 1267 2844 socordia
1301 2793 1524 2844 scribae
1551 2802 1679 2844 orta
1705 2793 1830 2855 sint,
1870 2793 2015 2844 sicut
2047 2791 2076 2842 ὁ
2104 2792 2229 2854 Θεὸς

259 2880 584 2943 Φιλοπάτωρ
622 2882 747 2942 νέος
797 2881 970 2932 etiam
1017 2881 1075 2932 in
1122 2897 1347 2947 papyro
1398 2882 1709 2933 Casatiano
1759 2897 1954 2933 errore
2003 2881 2229 2932 scribae

258 2970 506 3022 omissus
561 2978 648 3022 est
702 2986 888 3037 neque
943 2971 1130 3022 minus
1187 2970 1234 3021 οἱ
1289 2971 1400 3022 Θεοὶ
1455 2968 1822 3034 Φιλομήτορες
1874 2971 2126 3034 Σωτῆρες
2171 2970 2229 3022 in

257 3061 480 3111 duobus
513 3061 751 3126 papyris
784 3061 1083 3112 demoticis
1109 3061 1632 3126 Argentinensibus
1659 3062 1865 3112 desunt
1891 3060 1982 3124 (cf.
2009 3075 2141 3126 pag.
2162 3061 2228 3111 40

257 3151 384 3201 adn.
412 3151 479 3215 2).
518 3151 597 3202 At
618 3159 813 3202 cetera
841 3158 1033 3202 errata
1059 3151 1361 3202 socordiae
1383 3152 1606 3203 scribae
1632 3152 1802 3203 tribui
1825 3167 1940 3202 non
1961 3159 2225 3217 possunt:

255 3239 453 3304 Neque
503 3241 653 3292 enim
698 3256 838 3292 casu
876 3242 1016 3292 ordo
1054 3242 1350 3292 nominum
1386 3241 1694 3307 Eupatoris
1733 3250 1788 3292 et
1825 3241 2227 3292 Philometoris

255 3338 512 3381 mutatus
539 3346 669 3381 esse
695 3339 901 3395 potest.
931 3332 1079 3395 Quid
1105 3332 1258 3397 quod
1277 3333 1511 3397 proprio
1533 3331 1858 3382 sacerdotio
1879 3330 2227 3381 Isidis-Cleo-

255 3427 457 3481 patrae
495 3420 709 3471 omisso
749 3421 1060 3486 Cleopatra
1097 3437 1227 3473 cum
1264 3422 1598 3473 Ptolemaeo
1635 3421 1764 3472 VIII
1801 3423 1982 3472 altero
2018 3419 2228 3471 marito

255 3508 446 3558 iuncta
484 3511 604 3560 est?
642 3510 749 3560 Hic
786 3511 855 3561 de
894 3526 1089 3562 errore
1129 3511 1352 3562 scribae
1389 3527 1504 3562 non
1531 3511 1836 3576 cogitabis3
1875 3525 2010 3561 nam
2036 3523 2226 3560 sacer·

257 3597 471 3647 dotium
497 3599 658 3649 Isidis
697 3600 974 3651 omissum
1011 3602 1271 3665 separari
1307 3616 1420 3651 non
1457 3608 1648 3666 potest
1685 3615 1719 3650 a
1754 3614 1995 3651 numero
2019 3597 2225 3664 plurali

258 3687 528 3747 „deorum
572 3688 1015 3749 benefic01·um“,
1055 3705 1225 3754 quem
1272 3690 1595 3741 invenimus
1644 3690 1700 3740 in
1747 3688 1983 3754 papyris
2033 3687 2226 3738 demo-
