2496 3996
302 267 367 317 26
1001 280 1066 318 De
1097 281 1374 332 inscriptione
1406 282 1581 332 Syeniti.

300 420 435 470 nihil
473 421 810 484 pertinebat.
862 421 1119 485 Accedit,
1170 423 1324 488 quod
1366 423 1554 489 prima
1597 439 1735 490 pars
1779 426 2164 493 inscriptionis
2201 430 2272 480 ab

302 511 483 560 altera
519 517 721 560 nostra
758 509 974 573 differt,
1014 525 1144 561 cum
1181 510 1237 561 in
1282 511 1379 563 illa
1423 520 1632 578 agatur
1669 514 1739 565 de
1776 515 2049 579 petitione
2087 532 2274 568 sacer-

301 599 498 649 dotum
540 614 657 649 non
700 599 927 664 scriptis
974 601 1266 664 mandata,
1319 602 1422 652 sed
1457 603 1658 653 verbis
1699 604 1824 669 regi
1859 605 2153 669 praesenti
2189 621 2274 658 re-

299 690 416 739 lata
455 688 546 752 (cf.
567 704 619 740 V.
645 689 705 739 17
734 697 790 740 et
816 689 1063 741 Strackii
1093 691 1609 756 commentarium).
1647 692 1843 758 Itaque
1877 694 2039 745 deest
2074 695 2271 760 petitio

300 778 349 841 (ἡ
391 777 654 842 ἔντευξις),
695 794 843 844 quae
885 779 942 830 in
975 781 1230 832 secunda
1261 789 1426 846 parte
1462 782 1847 847 inscriptionis
1883 783 2122 835 maximi
2155 800 2273 836 mo-

297 867 475 917 menti
495 875 605 933 est;
639 870 971 920 necessario
991 885 1095 921 rex
1122 871 1396 936 petitione
1422 886 1538 922 non
1569 887 1688 937 per
1722 871 1994 924 litteras
2033 882 2273 940 accepta

298 957 491 1008 statim
528 959 854 1023 petentibus
898 960 1295 1025 responderat.
1345 961 1544 1027 Neque
1581 961 1753 1026 igitur
1788 963 2016 1028 legatus
2053 963 2272 1029 primus

296 1062 643 1112 responsum
669 1049 825 1114 regis
854 1051 1092 1116 accepit,
1120 1052 1225 1102 sed
1251 1051 1316 1115 ei,
1350 1052 1445 1118 qui
1469 1067 1670 1118 regem
1697 1052 1969 1118 petitione
1997 1053 2270 1106 adierant.

298 1137 398 1188 Vs.
431 1138 627 1188 15—25
650 1139 826 1214 igitur
850 1155 1197 1205 responsum
1224 1141 1380 1206 regis
1405 1141 1733 1206 petentibus
1760 1143 1957 1194 datum
1984 1144 2270 1208 exhibent,

295 1242 380 1278 VS.
414 1227 630 1292 26—30,
679 1236 812 1293 post
858 1245 1003 1295 quos
1045 1231 1242 1282 15—25
1277 1232 1576 1297 repetendi
1612 1240 1759 1295 sunt,
1803 1233 2024 1284 iussum
2062 1248 2095 1285 a
2131 1249 2271 1300 rege

295 1324 554 1382 stratego
593 1319 805 1369 datum.

473 1408 536 1458 In
574 1396 830 1460 secunda
866 1417 1048 1475 parte·
1077 1411 1478 1476 inscriptioniS,
1524 1412 1619 1463 ubi
1665 1412 1854 1478 agitur
1891 1414 1962 1464 de
1998 1414 2270 1479 petitione

293 1514 397 1564 per
422 1498 644 1550 litteras
669 1500 962 1563 mandata,
993 1501 1238 1566 epistula
1269 1502 1424 1567 regis
1462 1503 1536 1554 ad
1571 1504 1829 1568 legatum
1864 1504 2045 1555 missa
2080 1511 2271 1555 exstat

292 1589 346 1639 in
399 1604 482 1640 vs.
519 1590 721 1640 36—50
776 1598 833 1640 et
886 1590 1132 1655 epistula
1182 1592 1582 1643 sacerdotibus
1633 1593 1768 1643 data
1813 1593 1870 1643 in
1918 1609 2003 1645 VS.
2044 1593 2290 1658 32—50,

292 1679 485 1744 itaque
521 1679 649 1730 fieri
684 1696 800 1731 non
839 1689 1047 1746 potest,
1085 1690 1147 1732 ut
1185 1698 1235 1733 v.
1271 1683 1332 1733 51
1383 1667 1689 1747 epistulam
1727 1684 1883 1749 regis
1923 1684 2268 1750 exhibuerit;

294 1776 551 1820 attamen
576 1785 611 1821 a
635 1771 981 1836 magistratu
1008 1772 1260 1836 quodam
1286 1772 1506 1823 maiore
1533 1773 1606 1822 ad
1631 1773 1913 1824 minorem
1941 1789 2070 1824 eam
2097 1774 2270 1840 scrip-

292 1867 411 1910 tam
461 1875 591 1910 esse
641 1875 713 1910 ex
759 1860 941 1911 verbo
992 1862 1413 1912 κατακολουθεῖν
1467 1862 1854 1928 colligendum
1909 1871 2011 1915 est.
2082 1865 2145 1915 In
2196 1880 2267 1916 eo

290 1949 463 2014 igitur
499 1951 761 2015 quaestio
799 1951 988 2016 posita
1027 1959 1130 2014 est,
1169 1951 1264 2016 qui
1298 1951 1471 2003 fuerit
1513 1953 1699 2004 maior
1733 1953 1826 2004 ille
1864 1954 2263 2020 magistratus;

292 2047 347 2090 et
384 2055 516 2091 mea
552 2041 782 2105 quidem
829 2041 1115 2092 sententia
1157 2043 1468 2093 nonnullae
1512 2043 1916 2108 inscriptiones
1962 2051 2018 2095 et
2062 2044 2269 2110 papyri

290 2146 414 2182 rem
472 2132 693 2183 docent.
781 2133 1080 2198 Inscriptio
1146 2133 1216 2183 de
1270 2133 1564 2197 Berenice,
1623 2133 1744 2185 filia
1798 2134 2136 2197 Ptolemaei,
2198 2135 2269 2185 de

291 2236 403 2286 qua
440 2221 591 2272 infra
626 2221 810 2273 fusius
850 2222 1271 2287 disputabimus
1310 2223 1754 2289 <Dittenberger,
1791 2224 1959 2275 inscr.
1998 2225 2195 2275 orient.
2230 2225 2265 2288 I,

290 2310 425 2374 224),
477 2311 728 2362 continet
778 2312 1084 2376 epistulam
1143 2312 1299 2377 regis
1351 2313 1423 2364 ad
1471 2313 1957 2365 Anaximbrotum
2005 2314 2267 2379 missam3

291 2416 462 2466 quam
510 2401 816 2466 epistulam
865 2402 1154 2452 antecedit
1204 2405 1389 2453 altera
1438 2403 1685 2468 epistula
1729 2405 1800 2454 ab
1846 2403 2267 2455 Anaximbroto

291 2492 598 2556 Dionytae,
637 2493 1005 2557 magistratui
1042 2493 1265 2543 minore
1301 2500 1608 2558 potestate,
1640 2494 1877 2559 scripta:
1915 2496 2011 2543 τοῦ
2036 2494 2269 2557 γραφέν-

290 2597 383 2642 τος
439 2582 583 2644 παρά
635 2584 730 2631 τοῦ
786 2582 1053 2645 βασιλέως
1105 2582 1657 2646 προστάγματος
1709 2584 2160 2647 κατακεχώρισται
2205 2585 2266 2634 τὸ

294 2670 651 2734 ἀντίγραφον·
692 2670 1079 2723 ἐπακολουθῶν
1120 2671 1217 2723 οὖν
1254 2675 1372 2734 τοῖς
1410 2672 1825 2736 ἐπεσταλμένοις
1872 2673 2112 2723 συντελει
2151 2674 2265 2725 καθ’

293 2760 326 2810 ἃ
363 2759 525 2810 οἴεται
563 2763 675 2811 δεῖν
715 2769 820 2813 ete.
858 2763 1125 2827 Papyrus
1161 2763 1320 2814 Leid.
1355 2763 1426 2813 H.
1466 2750 1718 2814 continet
1763 2763 2068 2828 epistulam
2112 2764 2267 2829 regis

292 2851 649 2916 Apollodoro
678 2852 747 2902 de
775 2852 1049 2918 petitione
1077 2853 1359 2904 Petesidis
1399 2853 1675 2918 scriptam
1713 2855 1817 2909 (svs.
1846 2854 2055 2918 4—20);
2093 2868 2265 2919 quam

292 2940 598 3006 epistulam
642 2943 999 3007 praecedunt
1044 2943 1190 2993 haec
1237 2943 1452 2993 verba:
1501 2941 1782 3004 Τιμὸνικος
1825 2946 1899 3009 τῷ
1945 2945 2041 2992 τοῦ
2078 2942 2266 2993 Ἀνου-

294 3030 454 3093 βιείου
495 3031 758 3081 ἑπιστάτει
802 3032 1015 3095 χαίρειν.
1052 3032 1169 3094 περὶ
1205 3034 1313 3082 τῶν
1352 3032 1484 3081 κατὰ
1520 3031 1756 3093 Πὲτησιν
1796 3031 2266 3095 ἀρχενταφιαστήν

293 3119 625 3183 ἀντίγραφον
653 3120 921 3171 ὑπόκειται
949 3119 1099 3182 ὅπως
1126 3121 1283 3183 εἰδῆς.
1321 3122 1713 3186 Apollodorus
1738 3121 1910 3186 igitur
1937 3124 2266 3187 exemplum

293 3210 413 3260 eius
452 3210 748 3274 epistulae,
788 3226 961 3275 quam
1001 3226 1035 3262 a
1072 3226 1213 3275 rege
1259 3220 1583 3276 acceperat,
1622 3211 2055 3276 magistratibus
2091 3211 2266 3262 mino-

292 3299 446 3350 ribus
502 3300 753 3362 dederat,
800 3315 1044 3365 quorum
1100 3300 1244 3352 alius
1295 3302 1367 3352 ad
1418 3301 1592 3352 alium
1636 3302 2040 3366 apographum
2084 3301 2264 3352 mittit.

291 3388 348 3437 ln
398 3404 526 3452 pap.
572 3389 619 3438 Τ
625 3390 733 3440 ebt.
778 3390 815 3451 I,
859 3391 940 3450 30,
983 3391 1043 3440 15
1081 3406 1202 3456 sqq.
1261 3399 1452 3442 exstat
1512 3391 1708 3456 petitio
1765 3392 1838 3442 ad
1889 3391 2264 3456 magistratus

293 3477 688 3528 Ptolemaeum
759 3487 815 3529 et
882 3479 1222 3530 Hestiaeum
1290 3480 1490 3542 missa,
1575 3495 1747 3545 quam
1827 3481 2263 3545 comprobatam

294 3582 422 3617 esse
488 3568 855 3619 Ptolemaeus
922 3578 977 3620 et
1033 3571 1341 3621 Hestiaeus
1398 3571 1653 3621 scribunt
1712 3571 2042 3635 ApolloniO,
2105 3569 2263 3620 cuius
