2496 3996
317 269 349 320 2
1061 281 1127 320 De
1157 282 1436 332 inscriptione
1466 280 1641 331 Syeniti.

315 425 588 490 reliquiae
613 424 813 475 indicis
833 439 918 475 VS.
944 425 1031 474 16:
1058 422 1070 439 ²
1087 423 1382 485 Επιφανεῑς
1401 453 1463 458 -
1488 422 1764 488 Εὐπάτωρ,
1791 439 1877 476 vs.
1898 425 1989 476 28:
2024 424 2285 488 Εὐπάτωρ
2376 419 2384 428 “
2414 416 2422 426 “
2447 406 2454 416 .

315 544 381 550 —
415 510 798 576 Φιλομήτορες,
837 528 922 564 vs.
955 513 1050 563 34:
1092 506 1458 574 Φιλομήτορες
1483 542 1547 547 —-
1578 511 1705 574 νέος
1743 512 2082 576 Φιλοπάτωρ.
2119 514 2286 566 Unde

316 610 559 668 apparet
584 604 1048 667 supplementum
1074 612 1159 651 vs.
1192 601 1252 651 16
1280 617 1315 652 a
1346 599 1610 652 Strackio
1645 588 2039 668 excogitatum
2062 611 2310 677 rectum¹

316 707 445 742 esse
476 691 508 742 i.
538 707 583 742 e.
618 691 772 742 circa
801 691 867 742 80
892 690 1113 741 litteras
1139 690 1480 742 inserendas
1509 706 1640 742 esse
1670 691 1818 743 inter
1842 692 2021 744 finem
2052 708 2286 758 praece-

315 782 500 832 dentis
539 789 595 832 et
631 781 851 831 initium
883 779 1175 845 sequentis
1206 794 1431 843 verSUS,
1467 795 1819 846 quamquam
1854 783 1979 848 ipse
2010 797 2286 834 numerus

315 870 421 920 sibi
456 885 572 921 non
610 876 877 920 constare
909 868 1150 933 videtur,
1184 884 1315 921 curn
1340 869 1566 921 litterae
1593 878 1716 922 tum
1744 870 1923 923 artius
1957 881 2080 922 tum
2115 872 2286 924 latius

315 959 627 1024 dispositae
665 959 777 1009 sint
814 959 881 1023 (e.
916 973 969 1023 g.
1006 959 1064 1010 in
1099 974 1184 1010 VS.
1223 960 1315 1010 13:
1361 959 1427 1010 29
1470 960 1711 1024 litterae,
1756 960 1815 1011 in
1855 961 2062 1013 eodem
2098 961 2285 1027 spatio
2359 946 2363 950 ¹
2416 939 2424 943 γ’
2489 982 2496 999 ¹

313 1064 398 1100 VS.
429 1050 522 1100 14:
559 1049 625 1099 33
660 1048 886 1099 litterae
925 1056 1309 1100 conservatae
1348 1050 1517 1115 sunt).

493 1138 608 1190 Sed
631 1138 747 1188 iam
774 1138 847 1188 ad
871 1138 1234 1203 propositum
1259 1138 1577 1190 veniamus
1608 1139 1698 1191 De
1725 1139 1984 1205 epistulis
2007 1141 2287 1206 petitoriis

314 1229 388 1280 ad
423 1242 624 1293 regem
660 1227 1087 1292 Aegyptiorum
1130 1228 1322 1279 missis
1360 1228 1567 1280 Strack
1613 1229 1666 1293 (1.
1695 1243 1738 1280 s,
1764 1229 1820 1295 1.)
1865 1231 2016 1282 hanc
2051 1229 2287 1296 protulit

314 1317 690 1369 sententiam:
733 1317 848 1367 »Es
885 1318 1101 1382 wurde,
1139 1334 1310 1370 wenn
1339 1319 1441 1370 der
1470 1319 1663 1385 Konig
1698 1319 1823 1371 eine
1850 1321 2287 1387 Entscheidung
2332 1323 2338 1330 ”

312 1410 454 1459 uber
503 1408 628 1458 eine
677 1407 1079 1472 eingelaufene
1130 1408 1452 1460 Bittschrift
1500 1409 1792 1475 getroffen
1839 1405 1962 1475 hat,
2013 1412 2103 1463 die
2151 1412 2286 1463 Bitt-

314 1498 517 1549 schrift
554 1498 656 1548 mit
693 1497 825 1548 dem
860 1498 1298 1564 beigegebenen
1338 1500 1529 1564 placet
1567 1499 1699 1550 dem
1735 1500 2015 1551 Petenten
2050 1502 2287 1553 zuriick-

313 1589 579 1654 gegeben
628 1588 768 1638 oder
815 1588 934 1639 ihm
982 1589 1039 1638 in
1087 1588 1274 1639 einem
1323 1589 1568 1654 eigenen
1615 1590 1932 1642 Schreiben
1983 1606 2101 1642 von
2154 1592 2287 1644 dem

312 1677 623 1743 gunstigen
659 1677 974 1728 Entscheid
1017 1678 1342 1743 Mitteilung
1386 1681 1673 1744 gemacht.
1730 1681 1853 1732 Der
1898 1681 2103 1732 Petent
2149 1682 2287 1748 ging

314 1769 466 1819 dann
513 1783 584 1818 zu
636 1767 739 1818 der
791 1766 1172 1829 zustandigen
1225 1768 1667 1821 Unterbehorde
1721 1770 1930 1821 behuss
1983 1770 2288 1838 Regelung

314 1859 503 1909 seiner
551 1857 1071 1922 Angelegenheit.«
1125 1856 1287 1920 Quae
1336 1858 1621 1910 sententia
1667 1861 1822 1910 nullo
1873 1861 2046 1912 modo
2097 1861 2170 1912 ad
2217 1852 2295 1913 ea

315 1949 582 2014 quadrat,
622 1962 771 2013 quae
807 1947 1211 2013 inscriptiones
1250 1955 1307 1999 et
1343 1948 1551 2013 papyri
1590 1949 1813 2001 docent.

490 2038 643 2088 Inter
667 2051 925 2103 papyros
952 2044 1008 2088 et
1038 2037 1441 2103 inscriptiones
1473 2039 1752 2105 imprimis
1779 2041 1891 2092 duo
1916 2041 2089 2093 libelli
2119 2041 2285 2093 nobis

314 2126 645 2178 conservati
681 2134 829 2190 sunt,
868 2127 963 2192 qui
1001 2128 1074 2178 ad
1111 2128 1261 2178 hanc
1299 2128 1699 2193 quaestionem
1735 2131 2054 2195 pertinent:
2142 2129 2146 2133 ’

494 2216 548 2280 a)
582 2216 790 2281 Papyr.
813 2217 1014 2282 Leid.1)
1036 2218 1102 2269 G.
1136 2217 1359 2268 Petesis
1386 2232 1420 2268 a
1443 2219 1730 2270 nonnullis
1751 2219 2025 2271 ministris
2043 2220 2284 2286 publicis

314 2313 563 2356 vexatus
595 2321 797 2371 regem
822 2307 1221 2358 Ptolemaeum
1253 2307 1348 2356 τὸν
1382 2308 1465 2357 καὶ
1492 2306 1855 2371 Ἀλέξανδρον
1883 2318 1939 2360 et
1969 2309 2283 2361 Berenicen

314 2394 577 2459 reginam
613 2395 804 2446 libello
843 2396 1065 2447 adierat
1106 2404 1326 2462 petenS,
1365 2405 1427 2448 ut
1471 2398 1720 2448 edictum
1758 2398 2038 2460 ederetur,
2077 2413 2189 2463 quo
2224 2398 2282 2467 in

314 2492 613 2549 posterum
661 2486 733 2536 ab
783 2485 938 2536 omni
989 2487 1257 2538 molestia
1307 2487 1663 2538 liberaretur.
1721 2488 1825 2539 Cui
1875 2487 2132 2553 petitioni
2179 2503 2283 2539 rex

316 2575 596 2626 satisfacit
622 2575 1055 2640 magistratibus
1089 2576 1373 2627 scribens:
1407 2579 1502 2638 τῆς
1529 2576 1822 2639 δεδομένης
1847 2577 1970 2640 ἡμῖν
1998 2576 2284 2639 ἐντεύξεως

315 2663 419 2714 ὑπὸ
467 2660 860 2726 Πετῆσιος....
912 2664 1245 2728 ἀντίγραφον
1298 2664 1590 2715 ὑπόκειται·
1638 2664 1870 2725 γινέσθω
1921 2665 2018 2716 οὖν
2069 2665 2283 2726 ἕκαστα,

317 2754 553 2816 καθάπερ
594 2753 744 2804 ἀξιοῖ.
782 2754 908 2805 Rex
939 2755 1113 2820 igitur
1145 2770 1261 2805 non
1294 2754 1360 2818 ei,
1402 2754 1497 2820 qui
1532 2754 1865 2819 petitionem
1908 2756 2161 2819 miserat,
2200 2771 2285 2807 re—

317 2842 563 2907 spondet
589 2858 650 2893 se
677 2844 1010 2908 petitionem
1038 2844 1527 2910 comprobavisse,
1558 2844 1662 2894 sed
1692 2843 1817 2910 ipse
1849 2844 2283 2910 magistratibus

318 2932 389 2983 de
426 2932 615 2982 libello
653 2933 862 2984 scribit.

495 3023 553 3087 b)
590 3023 903 3088 InscriptiO,
939 3038 1088 3089 quae
1122 3023 1296 3075 Philis
1328 3024 1384 3075 in
1419 3024 1546 3075 basi
1572 3024 1807 3076 obelisci
1837 3024 2017 3075 incisa
2053 3032 2285 3090 reperta

319 3120 407 3163 est
444 3112 526 3176 (C.
559 3112 596 3163 Ι.
631 3113 729 3163 Gr.
764 3113 897 3164 4896
923 3134 977 3150 =
1004 3112 1290 3173 Wilcken,
1333 3113 1583 3164 Hermes
1619 3113 1782 3164 XXII
1830 3115 1955 3165 1887
2003 3130 2055 3180 p.
2099 3115 2119 3165 1
2162 3129 2284 3183 sqq.
2323 3149 2332 3154 ν

319 3223 374 3239 =
394 3201 819 3267 Dittenberger,
840 3203 1092 3267 inscript.
1113 3203 1309 3253 orient.
1331 3203 1353 3254 I
1378 3218 1430 3254 n.
1457 3204 1549 3253 137
1570 3204 1691 3268 sq).
1718 3203 2066 3255 Sacerdotes
2087 3204 2286 3270 templi

317 3299 632 3357 queruntur
670 3292 740 3343 de
776 3291 1072 3358 iniquitate
1109 3293 1471 3358 quorundam
1507 3294 1952 3358 magistratuum
1990 3302 2046 3344 et
2079 3309 2113 3344 a
2145 3308 2285 3359 rege

316 3389 532 3448 petunt,
577 3389 639 3432 ut
683 3382 932 3433 edictum
978 3383 1196 3445 edatur,
1242 3397 1313 3433 ne
1351 3382 1408 3432 in
1445 3389 1742 3447 posterum
1781 3398 1815 3434 a
1852 3383 2285 3449 magistratibus

499 3502 526 3552 ¹)
559 3501 826 3541 Commoneo
857 3513 922 3539 me
954 3513 1122 3552 semper
1151 3501 1264 3539 notis
1287 3501 1514 3539 Wilckenii
1544 3501 1716 3550 (Archiv
1740 3501 1805 3540 fiir
1826 3501 2286 3554 Papyrusforschungl

317 3589 413 3627 pag.
442 3584 490 3627 25
522 3579 629 3627 sqq.)
659 3577 731 3614 uti.
