2496 3996
327 264 387 314 14
1018 276 1084 314 De
1113 277 1392 328 inscriptione
1423 275 1598 327 Syeniti.

322 436 469 487 quae
513 420 574 471 II.
612 434 656 470 S.
693 420 941 481 valebat,
991 427 1148 470 recte
1198 419 1519 482 statuimUS‚
1547 419 1744 470 etiam
1791 427 1981 472 aetate
2029 421 2293 472 Romana

319 511 415 572 τήν
481 508 714 560 ἔντευξιν
777 507 1110 573 petitionem
1157 507 1493 582 imperatori
1543 507 1880 574 inscriptam
1932 510 2292 577 significasse

322 600 549 651 dixeris,
621 599 700 649 At
748 613 880 650 cum
925 613 998 649 ne
1045 613 1162 648 una
1209 598 1438 663 quidem
1487 598 1684 663 petitio
1722 599 1876 663 quod
1911 600 2091 652 sciam
2126 600 2292 651 nobis

322 694 670 740 conservata
717 688 803 748 sit,
852 702 1025 753 quam
1066 687 1291 738 incolae
1329 687 1586 753 Aegypti
1621 687 2099 760 imperatoriipsi
2135 690 2293 740 obtu-

318 781 521 842 lerunt,
558 792 766 829 vocem
804 777 1091 838 ἐντεύξεως
1134 777 1433 828 Romanae
1471 778 1648 829 aetati
1682 778 1941 842 ignotam
1979 793 2108 830 esse
2145 779 2293 830 coni-

321 869 585 920 ciendum
613 875 722 919 est:
748 882 811 918 re
836 881 979 918 vera
1003 867 1223 917 nullum
1247 866 1410 918 vocis
1436 868 1768 932 exemplum
1793 882 1979 932 neque
2006 883 2036 918 e
2055 868 2292 933 papyris

319 973 506 1024 neque
561 973 634 1008 ex
680 956 1146 1021 inscriptionibus
1195 956 1502 1022 Aegyptiis
1558 956 1765 1008 aetatis
1813 957 2110 1008 Romanae
2155 957 2294 1009 mihi

318 1048 576 1100 innotuit.
646 1046 927 1098 Nimirum
974 1046 1143 1097 nullis
1189 1046 1305 1097 iam
1354 1047 1428 1097 ad
1473 1046 1885 1111 imperatorem
1929 1046 2294 1111 petitionibus

319 1138 510 1190 missis
547 1152 759 1188 nomen
796 1137 978 1202 periit,
1017 1151 1369 1202 quamquam
1407 1137 1477 1188 de
1515 1136 1788 1202 petitione
1821 1136 1894 1187 ad
1919 1135 2295 1202 magistratus

264 1295 267 1298 ¹
318 1228 497 1279 missa
546 1227 720 1278 etiam
768 1234 958 1278 aetate
994 1227 1261 1278 Romana
1307 1234 1544 1278 utuntur
1589 1241 1736 1277 voce
1773 1225 2156 1288 ὑπομνήματος
2202 1225 2294 1291 (cf.

321 1333 367 1369 e.
405 1333 458 1383 g.
496 1318 558 1368 Β.
585 1317 652 1368 G.
680 1318 746 1369 U.
783 1317 844 1380 ΙΙ,
882 1318 1005 1382 5363
1042 1317 1173 1368 ibid.
1210 1317 1325 1379 578,
1354 1318 1410 1381 7;
1448 1316 1579 1367 ibid.
1617 1317 1805 1381 614‚7;
1845 1315 2022 1381 Oxyr.
2057 1315 2195 1380 Pap.
2233 1315 2294 1378 ΙΙ,

318 1408 432 1471 253,
455 1409 511 1472 9;
549 1407 679 1457 ibid.
717 1407 941 1472 286,16;
980 1406 1241 1457 Grenfell
1277 1407 1391 1457 and
1427 1406 1586 1457 Hunt
1622 1406 1789 1471 1,45).

498 1497 619 1547 Iam
668 1497 822 1562 quod
870 1497 1198 1548 differentia
1241 1497 1390 1547 inter
1434 1493 1722 1559 ὑπόμνημα
1759 1504 1815 1547 et
1852 1495 2079 1547 ἔντευξιν
2115 1496 2172 1547 in
2208 1496 2293 1546 ΙΙΙ.

320 1601 470 1637 saec,
532 1586 759 1651 scriptis
815 1587 1200 1638 demonstrari
1258 1602 1375 1637 non
1422 1594 1628 1652 potest,
1690 1593 1934 1651 apparet
1992 1601 2122 1637 eam
2179 1601 2295 1637 non

318 1676 569 1742 positam
613 1691 744 1727 esse
785 1676 842 1727 in
885 1677 1119 1741 propria
1168 1675 1589 1741 significatione
1629 1676 1956 1727 Verborum.
2027 1675 2112 1726 Re
2153 1690 2296 1727 vera

319 1765 606 1829 ὑπόμνημα
655 1774 744 1817 est
792 1767 1083 1832 scriptum,
1133 1782 1245 1832 quo
1293 1780 1388 1816 res
1438 1765 1628 1830 aliqua
1663 1765 1720 1816 in
1756 1765 2097 1816 memoriam
2133 1780 2297 1817 revo-

320 1866 503 1924 cetur3
555 1872 728 1923 quam
777 1857 849 1907 ob
898 1871 1023 1907 rem
1068 1855 1263 1915 libelli,
1314 1855 1518 1920 quibus
1566 1855 1942 1920 magistratus
1989 1856 2299 1907 utebantur

318 1950 412 1999 Vel
458 1947 760 2010 Athenis1)
808 1948 903 1997 Vel
949 1946 1007 1996 in
1042 1947 1318 2011 Aegypto
1334 1946 1389 2010 2),
1443 1960 1589 1996 voce
1639 1943 2037 2008 ὑπομνημάτων
2086 1944 2297 2010 signifi-

319 2046 536 2089 cantur.
608 2038 729 2088 Iam
775 2051 916 2087 vero
955 2036 1003 2087 si
1041 2036 1334 2101 scriptum,
1383 2036 1537 2102 quod
1575 2042 1766 2086 exstat
1802 2035 1872 2086 de
1911 2035 2102 2101 aliqua
2137 2051 2200 2087 re
2235 2035 2293 2086 in

315 2127 746 2185 commentariis
795 2127 1010 2178 diurnis
1057 2127 1518 2192 magistratuum,
1569 2126 1970 2191 appellabatur
2006 2126 2292 2179 vocabulo

315 2217 716 2282 ὑπομνήματος,
772 2217 1050 2283 perfacile
1102 2216 1229 2267 fieri
1282 2217 1479 2282 potuit,
1534 2224 1596 2268 ut
1645 2216 1819 2267 etiam
1868 2215 2128 2281 epistula,
2179 2230 2293 2281 qua

315 2309 427 2359 hoc
463 2309 682 2359 factum
732 2322 863 2357 cum
900 2306 1335 2372 magistratibus
1374 2306 1845 2369 communicatur,
1892 2306 2044 2357 idem
2081 2319 2292 2356 nomen

319 2397 667 2461 >>ὑττόμνημα<<
699 2397 1009 2462 acciperet;
1049 2410 1095 2447 e.
1123 2411 1175 2461 g.
1201 2396 1420 2447 indices
1448 2411 1649 2448 eorum
1673 2396 1984 2459 hominum,
2012 2395 2106 2461 qui
2132 2403 2289 2446 certo

316 2489 568 2554 quodam
625 2503 775 2539 anno
831 2487 951 2538 nati
1007 2494 1161 2546 sunt,
1221 2486 1591 2537 nominantur
1638 2470 1704 2535 τὰ
1762 2489 1870 2536 τῶν
1931 2485 2288 2547 ἑπιγενήσεων

316 2577 693 2643 ὑπομνήματα;
743 2578 995 2639 libellus,
1052 2591 1165 2641 quo
1213 2583 1380 2641 pater
1427 2576 1794 2641 magistratui
1840 2575 2063 2626 nuntiat
2108 2574 2287 2626 filium

314 2675 515 2719 natum
566 2682 718 2730 esse,
775 2667 982 2718 eodem
1037 2666 1211 2717 modo
1259 2665 1620 2730 significatur
1670 2666 1731 2716 τὸ
1784 2668 1879 2727 τῆς
1932 2664 2290 2726 ἑπιγενήσεως

316 2755 604 2820 ὑπόμνημα
631 2757 878 2830 (Fayum
903 2765 1094 2807 towns
1121 2756 1202 2818 28,
1229 2755 1335 2820 12),
1373 2755 1511 2806 item
1538 2755 1798 2820 epistula,
1827 2769 2000 2820 quam
2025 2754 2288 2818 Mysthes

315 2846 511 2896 scribit
558 2846 923 2911 magistratui
971 2846 1041 2896 de
1085 2853 1271 2896 morte
1318 2845 1529 2908 fratriS,
1579 2845 1864 2896 vocabulo
1908 2842 2290 2907 ὑπομνήματος

317 2937 641 3000 appellatur
679 2936 826 3000 (ibid.
866 2935 1079 2999 29,14),
1130 2935 1262 3000 quia
1309 2935 1527 2986 indices
1574 2934 1870 2986 hominum
1913 2941 2286 2996 mortuorum,

316 3026 410 3090 qui
448 3026 602 3090 apud
637 3026 1014 3090 magistratus
1052 3032 1487 3089 conservantur,
1525 3017 1885 3076 vocabantur
1921 3021 2287 3086 ὑπομνήματα.
2365 3014 2369 3023 ’

317 3114 484 3177 Quod
522 3115 570 3165 si
599 3115 771 3180 igitur
795 3115 984 3166 incola
1008 3114 1266 3179 Aegypti
1290 3114 1655 3180 magistratui
1679 3113 1873 3165 scribit
1898 3114 1968 3164 de
1995 3113 2185 3178 aliqua
2209 3128 2287 3176 re,

316 3219 463 3268 quae
501 3205 575 3255 ad
610 3204 799 3269 ipsum
836 3206 930 3255 vel
969 3206 1043 3255 ad
1067 3205 1344 3256 familiam
1371 3214 1476 3257 etc,
1503 3205 1766 3271 pertinet,
1793 3203 1961 3254 mittit
1987 3201 2288 3265 ὑπόμνημα.

495 3295 749 3345 Libellus
786 3294 1034 3358 Mysthis
1055 3325 1119 3329 ——
1139 3302 1201 3346 ut
1229 3295 1433 3345 eodem
1458 3295 1665 3345 iterum
1686 3295 1954 3358 exemplo
1974 3300 2205 3343 utamur
2223 3322 2287 3327 —

497 3427 526 3475 ¹)
559 3427 876 3465 Demosthenes
906 3427 1022 3478 πρὸς
1048 3427 1279 3478 Τιμόθεον
1310 3428 1396 3478 §sz
1428 3426 1470 3469 οἱ
1499 3427 1588 3479 γὰρ
1618 3428 1893 3479 τραπεζῖται
1927 3426 2148 3468 εἰώθασιν
2177 3424 2287 3467 ὑπο·

318 3500 534 3551 μνήματα
564 3502 832 3553 γράφεσθαι
864 3501 929 3542 ὧν
961 3513 1010 3542 τε
1043 3501 1226 3543 διδόασι
1256 3501 1512 3554 χρημάτων
1543 3501 1618 3543 καὶ
1649 3500 1711 3551 εἰς
1743 3501 1767 3542 ὅ
1798 3513 1841 3542 τι
1872 3508 1951 3542 etc.

496 3577 528 3623 2)
558 3576 610 3614 cf.
643 3577 690 3615 U.
720 3577 926 3621 Wilcken,
959 3577 1204 3628 Philologus
1240 3578 1337 3626 1894
1366 3591 1460 3629 pag.
1495 3589 1566 3617 102
1598 3591 1688 3629 sqq.
