2496 3996
1076 979 1270 1026 PARS
1308 980 1362 1025 ΙΙ.

511 1134 616 1185 DE
652 1133 1188 1186 PRAESCRIPTIS
1225 1134 1936 1187 INSTRUMENTORUM

268 1223 763 1278 PUBLICORUM
814 1224 913 1274 ET
963 1224 1496 1287 PRIVATORUM,
1553 1224 1764 1288 QUAE
1810 1225 2171 1277 EXEUNTE

352 1313 661 1366 ALTERO
701 1314 768 1365 A.
809 1313 980 1364 CHR.
1018 1313 1083 1364 N.
1121 1313 1476 1365 SAECULO
1516 1313 1836 1366 SCRIPTA
1874 1315 2085 1366 SUNT.

1167 1469 1277 1535 gi.

285 1583 371 1626 DE
404 1582 770 1626 DISCRIMINE
804 1581 1092 1637 QUODAM,
1127 1581 1307 1638 QUOD
1342 1582 1460 1624 EST
1493 1582 1686 1624 INTER
1718 1582 2147 1627 PRAESCRIPTA

485 1665 868 1711 PAPYRORUM
901 1667 1300 1710 GRAECORUM
1334 1668 1417 1710 ET
1451 1667 1938 1712 DEMOTICORUM.

414 1781 748 1831 Ptolemaeo
791 1779 872 1831 VI
919 1779 1305 1830 Philometore
1354 1793 1504 1829 anno
1558 1779 1653 1829 145
1690 1793 1739 1829 a.
1785 1778 1917 1830 Chr.
1962 1788 2206 1843 mortUO‚

235 1870 603 1920 Ptolemaeus
645 1868 836 1932 VIIF),
874 1868 1055 1919 frater
1092 1868 1228 1929 eius,
1267 1882 1461 1918 rerum
1496 1868 1710 1933 potitus
1756 1869 2126 1934 Cleopatram
2163 1871 2208 1920 II

134 1965 139 1971 “
234 1973 478 2025 uxorem
529 1958 726 2009 fratris
779 1972 965 2022 neque
1019 1956 1199 2009 multo
1245 1965 1378 2022 post
1431 1957 1602 2008 etiam
1657 1957 1777 2008 eius
1823 1958 2001 2009 filiam
2048 1959 2208 2011 Cleo—

239 2057 467 2114 patram
503 2048 574 2098 III
609 2047 666 2098 in
702 2046 1125 2098 matrimonium
1165 2047 1324 2098 duxit
1361 2047 1603 2111 (Straek,
1643 2047 1926 2111 Dynastie
1951 2063 2083 2114 pag.
2115 2050 2209 2101 198

240 2139 399 2204 sqq).
471 2138 667 2202 Usque
713 2137 786 2187 ad
827 2144 1076 2186 mortem
1113 2135 1427 2186 Ptolemaei
1463 2135 1543 2187 VI
1578 2136 2042 2188 Ptolemaeorum
2080 2154 2209 2189 eon-

239 2234 599 2278 secratorum
643 2226 700 2276 in
736 2225 1107 2291 praescriptis
1143 2225 1655 2276 instrumentorum
1692 2225 1814 2276 sive
1852 2227 2209 2291 publicorum

241 2317 364 2367 sive
409 2316 771 2382 privatorum
815 2315 1014 2366 ultimo
1059 2317 1186 2366 loco
1231 2315 1289 2365 hi
1331 2314 1607 2365 nominati
1643 2323 1796 2366 sunt:
1843 2317 1954 2366 θεοὶ
1985 2317 2209 2379 Ἐπιφα-

237 2409 365 2469 νεῖς,
405 2407 529 2466 Θεὸς
576 2405 852 2468 Εὐπάτωρ,
899 2406 1010 2456 θεοὶ
1050 2405 1417 2469 Φιλομήτορες
1454 2404 1544 2469 (ef.
1585 2421 1630 2456 e.
1669 2420 1721 2470 g.
1758 2420 1960 2470 papyr.
2000 2407 2208 2457 demot.

238 2497 386 2559 Tor„
426 2496 586 2547 euius
613 2497 843 2560 Peyron
878 2495 1230 2546 mentionem
1265 2494 1402 2546 facit
1439 2494 1460 2544 I
1495 2506 1626 2559 pag.
1659 2494 1774 2558 1423
1813 2495 2034 2558 Straek,
2074 2496 2208 2547 Ath.

237 2586 378 2637 Mitt.
416 2585 530 2636 XX
570 2586 698 2636 1895
733 2599 865 2650 pag.
902 2586 1038 2650 343),
1089 2600 1202 2650 qua
1246 2585 1304 2635 in
1347 2584 1639 2635 titulorum
1677 2584 1824 2634 serie
1860 2599 1964 2649 per
1999 2600 2210 2636 nomen

243 2676 512 2727 »deorum
548 2675 1030 2726 Philometorum«
1078 2673 1430 2738 intelligendi
1467 2682 1597 2724 sunt
1634 2674 2001 2724 Ptolemaeus
2039 2675 2119 2725 VI
2154 2684 2211 2725 et

237 2779 384 2816 uxor
411 2765 722 2829 Cleopatra
758 2764 817 2813 II.
867 2763 1002 2814 Inde
1039 2765 1111 2814 ab
1149 2778 1299 2814 anno
1343 2764 1436 2814 145
1463 2771 1654 2814 autem
1682 2763 1993 2828 Cleopatra
2017 2764 2066 2814 Π
2096 2779 2210 2815 una

240 2869 369 2905 cum
406 2856 587 2905 altero
624 2853 831 2904 marito
869 2853 1202 2904 Ptolemaeo
1229 2853 1357 2904 VIII
1392 2853 1448 2903 in
1486 2855 1711 2903 eoelum
1745 2853 2210 2904 Ptolemaeorum

234 2950 473 3009 recepta
527 2943 880 3008 est,.quibus
935 2943 1180 2993 accessit
1216 2942 1384 2994 tertia
1426 2942 1626 3007 paucis
1671 2941 1834 2992 annis
1878 2949 2010 3006 post
2050 2942 2211 2993 Cleo-

238 3041 406 3097 patra
447 3033 531 3095 III,
582 3033 734 3083 unde
779 3048 883 3083 rex
929 3042 985 3083 et
1027 3047 1240 3083 uxores
1286 3046 1588 3082 commune
1625 3043 1837 3081 nomen
1895 3033 2031 3080 »τῶν
2070 3034 2210 3081 Θεῶν

242 3120 577 3184 Εὐεργετῶν<<
626 3128 988 3186 aeceperunt.
1028 3120 1096 3172 ef.
1145 3121 1204 3172 C.
1240 3121 1276 3172 Ι.
1311 3121 1377 3172 G.
1422 3121 1514 3182 III,
1554 3120 1685 3170 4895
1724 3142 1776 3156 Ξ
1815 3120 2022 3171 Straek
2064 3121 2211 3171 lOBa

241 3231 293 3246 =
322 3210 571 3261 Dittenb.
609 3210 777 3261 inser.
817 3210 1014 3260 orient.
1053 3225 1105 3260 n.
1148 3209 1241 3260 142
1280 3210 1531 3272 βασιλεὺς
1565 3208 1906 3271 Πτολεμαῖος
1943 3210 2026 3258 καὶ
2066 3209 2210 3272 βασί-

416 3343 449 3391 ¹)
477 3342 781 3388 Ptolemaeum,
812 3341 984 3380 fratrem
1006 3341 1242 3379 Ptolemaei
1266 3341 1332 3388 VI,
1355 3354 1481 3392 quem
1502 3342 1631 3380 Niese
1653 3342 1934 3391 (Geschiehte
1955 3343 2029 3381 der
2051 3343 2208 3393 griech‚

239 3417 323 3455 und
353 3417 575 3455 makedon.
607 3417 780 3456 Staaten
811 3416 880 3463 111,
919 3416 994 3454 266
1024 3415 1116 3454 adn.
1147 3418 1188 3464 4)
1225 3417 1332 3454 inter
1370 3428 1490 3467 reges
1521 3416 1704 3467 Aegypti
1743 3418 1969 3467 septimum
2006 3425 2209 3465 numerat,

239 3505 287 3530 ex
319 3504 367 3529 ea
396 3492 571 3538 ratione,
610 3503 735 3542 quam
765 3490 915 3530 Strack
954 3491 1169 3540 ceterique
1207 3490 1323 3529 docti
1353 3491 1429 3528 viri
1459 3504 1569 3529 nunc
1601 3492 1815 3538 adhibent,
1847 3492 2038 3542 significo
2069 3492 2211 3530 Ptole-

239 3578 405 3604 maeum
436 3565 532 3604 VIII
562 3565 802 3603 Benefieum
835 3565 884 3604 II.
