2496 3996
312 299 372 349 IS
940 322 942 324 ·
1013 309 1079 347 De
1109 310 1388 360 inscriptione
1420 309 1595 360 Syeniti.

309 456 365 507 id
409 454 561 520 quod
615 452 801 518 spatio
847 452 1092 502 lacunae
1139 449 1474 515 respondet;
1526 449 1594 500 cf.
1634 457 1938 515 praeterea
1977 449 2283 515 epistulam

310 543 588 595 Hadriani
623 543 684 594 Β.
714 542 775 593 C.
802 542 872 592 H.
909 541 1024 593 XV
1054 541 1196 603 1891,
1225 541 1346 591 630:
1387 539 1621 603 ἐντυχὼν
1659 539 1811 603 ὑμῶν
1847 544 1922 608 τῷ
1961 540 2284 603 ψηφίσματι.

488 634 534 684 2.
572 633 776 683 Altera
815 661 873 666 —
914 639 970 682 et
1017 630 1114 681 illa
1161 629 1390 695 quidem
1437 629 1593 694 prior
1629 659 1693 664 —-
1731 629 2074 694 significatio
2124 629 2286 680 verbi

314 721 678 787 »ἐντυγχάνειν
733 721 859 771 τινί<<
915 728 1003 772 est
1063 719 1366 781 »incidere,
1424 733 1756 781 occurere«,
1810 720 1962 770 unde
2017 727 2144 770 orta
2198 727 2286 770 est

311 793 654 881 significatio
706 812 972 863 »visitare
1021 810 1286 876 aliquem,
1337 809 1646 861 convenire
1695 825 1826 861 cum
1862 810 2101 875 aliquo«.
2173 810 2287 860 An-

310 905 550 967 tiochuS‚
606 918 711 954 rex
760 901 978 967 Syriae,
1030 900 1100 951 de
1148 899 1536 951 Aristodicide
1585 899 1803 950 scribit:
1865 898 2106 974 ἐνέτυχεν
2161 898 2286 963 ἡμῖν

303 992 754 1056 Ἀριστοδικίδης,
839 992 1059 1042 eisdem
1129 989 1324 1040 verbis
1395 988 1572 1040 utitur
1631 995 1897 1054 satrapes
1957 989 2322 1054 Meleagros>

312 1073 746 1147 (Dittenberger
781 1081 938 1145 sy11.1
982 1080 1078 1131 158
1109 1101 1165 1116 z
1194 1079 1619 1144 Dittenbeiger,
1663 1077 1832 1129 inscr.
1883 1078 2058 1130 orien.
2107 1078 2145 1141 I,
2190 1078 2284 1129 221

311 1188 396 1224 VS.
434 1173 479 1235 4,
516 1172 596 1234 26,
633 1172 735 1236 50).
809 1170 995 1234 Quem
1043 1184 1213 1220 usum
1261 1169 1518 1234 sequitur
1555 1167 1874 1232 AugustUS,
1927 1182 2058 1219 cum
2095 1167 2291 1219 scribit

313 1262 395 1327 (Β.
424 1261 484 1312 C.
512 1261 582 1312 H.
610 1260 714 1312 VII
744 1260 885 1322 1883,
923 1258 988 1310 62
1011 1280 1065 1295 =
1086 1258 1354 1320 Viereck,
1392 1257 1596 1309 Sermo
1634 1257 1896 1307 Graecus
1922 1272 1976 1308 n.
2003 1257 2098 1319 IX,
2125 1273 2210 1309 VS.
2235 1258 2289 1320 5)

314 1351 362 1402 οἱ
387 1351 638 1415 πρέσβεις
659 1348 834 1412 ὑμῶν.
855 1389 888 1399 ..
911 1348 1160 1412 ἐνέτυχον
1189 1347 1244 1398 ἐν
1262 1347 1447 1413 Ῥώμῃ
1478 1363 1578 1410 μοι,
1602 1347 1961 1412 eandemque
1979 1346 2290 1398 formulam

311 1442 563 1493 fortasse
589 1438 844 1491 adhibuit
868 1438 925 1489 in
950 1438 1112 1489 titulo
1133 1437 1393 1488 mutilato
1411 1437 1682 1501 (Viereck
1702 1452 1754 1487 n.
1770 1436 1981 1500 XXXI,
1997 1438 2064 1500 6).
2090 1437 2290 1502 Neque

313 1531 501 1582 minus
535 1530 594 1580 in
619 1529 895 1594 Aegypto
932 1542 1366 1592 nonnumquam
1402 1526 1667 1577 videmus
1699 1525 1815 1576 vim
1856 1532 1912 1577 et
1945 1527 2291 1578 sententiam

318 1620 756 1672 »conveniendi«
812 1620 1005 1670 inesse
1059 1619 1240 1670 verbo
1297 1617 1648 1680 ἐντυγχάνειν,
1701 1631 1747 1667 e.
1788 1631 1841 1681 g.
1891 1631 2022 1667 cum
2060 1631 2293 1668 sorores

313 1712 366 1762 in
418 1726 549 1776 pap.
587 1710 766 1762 PariS.
803 1710 884 1773 26,
911 1711 942 1760 3
993 1709 1270 1760 scribunt:
1322 1708 1406 1757 καὶ
1448 1706 1712 1770 πρότερον
1753 1707 1845 1769 μὲν
1885 1704 2009 1769 ὑμῖν
2048 1705 2294 1770 ἐπιδημή-

317 1814 575 1853 σασιν...
614 1800 943 1864 ἐνετύχομεν.
1017 1799 1488 1850 Consentaneum
1534 1804 1622 1848 est
1671 1811 1904 1861 semper
1949 1811 2150 1861 regem
2198 1799 2293 1848 vel

316 1891 721 1957 magistratum
759 1905 793 1940 a
831 1888 1101 1940 subiectis
1140 1888 1358 1939 aditum
1395 1901 1541 1949 esse,
1579 1901 1895 1951 numquam
1932 1886 2222 1938 subiectos
2261 1903 2295 1938 a

314 1996 455 2047 rege
491 1983 586 2032 vel
623 1980 984 2045 magistratu,
1025 1993 1137 2044 quo
1175 1977 1348 2028 modo
1386 1977 1605 2027 factum
1633 1985 1734 2039 est,
1773 1983 1835 2027 ut
1856 1976 2157 2028 ‘sollemnis
2182 1976 2295 2027 for-

316 2072 473 2122 mula
510 2070 807 2121 evaderet:
847 2068 876 2118 ὁ
916 2070 1067 2118 δεῖνα
1100 2067 1404 2129 ἐντυγχάνει
1428 2070 1502 2131 τῷ
1533 2066 1741 2129 βασιλεῖ
1766 2067 1863 2116 Vel
1889 2070 1963 2134 τῷ
1994 2070 2294 2152 στρατηγῷ,

316 2175 631 2226 numquam
669 2158 698 2209 ὁ
739 2159 992 2222 βασιλεὺς
1030 2157 1332 2220 ἐντυγχάνει
1368 2161 1442 2224 τῷ
1473 2159 1644 2216 δεῖνά;
1694 2171 1808 2222 qua
1855 2171 1918 2207 re
1954 2172 2071 2208 non
2107 2156 2295 2208 minus

318 2266 491 2317 quam
546 2249 753 2301 ceteris
810 2249 1001 2300 causis
1055 2262 1232 2313 supra
1286 2246 1756 2298 commemoratis
1815 2246 2175 2312 impedimur,
2223 2263 2298 2299 ne

316 2341 543 2392 Radetii
580 2348 636 2391 et
671 2338 1003 2390 Lafoscadii
1039 2337 1573 2403 interpretationem
1612 2337 1990 2402 epistularum
2019 2337 2299 2389 Hadriani

319 2446 652 2496 sequamur;
703 2430 751 2480 si
788 2430 939 2481 enim
975 2430 1292 2494 imperator
1330 2428 1520 2479 dicere
1557 2427 1839 2479 voluisset
1881 2427 2110 2493 »accepi
2145 2429 2299 2493 lega-

318 2529 459 2584 tos«,
509 2520 839 2586 scripsisset
888 2519 1136 2582 ἐνέτυχὸν
1187 2535 1272 2582 μοι
1322 2517 1371 2568 οἱ
1417 2518 1752 2581 πεμφθέντες
1799 2519 1893 2568 vel
1943 2516 1992 2568 οἱ
2027 2517 2299 2580 πρεσβεις;

318 2626 453 2662 nam
490 2611 667 2675 legati
702 2610 1115 2676 imperatorem
1153 2609 1366 2660 adeunt
1402 2623 1589 2673 neque
1625 2607 1942 2673 imperator
1979 2609 2221 2672 legatos.

502 2701 867 2765 Quamquam
911 2699 1084 2765 igitur
1131 2699 1288 2750 initio
1336 2697 1566 2764 quidem
1613 2712 1731 2747 vox
1769 2695 2104 2759 ἐντυγχάνειν
2140 2704 2298 2748 recte

322 2791 617 2842 dicebatur
672 2791 742 2840 de
796 2789 1070 2855 petitione
1125 2803 1324 2839 coram
1371 2803 1405 2839 a
1449 2787 1720 2838 subiectis
1773 2787 2025 2852 prolata,
2093 2795 2299 2851 postea

321 2880 597 2945 Aegyptii
632 2880 813 2930 verbo
853 2878 1188 2943 ἐντυγχάνειν
1229 2879 1299 2930 de
1337 2878 1601 2929 omnibus
1630 2876 1999 2942 petitionibus
2026 2884 2082 2927 et
2106 2876 2300 2927 verbis

322 2970 517 3020 relatis
567 2978 621 3020 et
673 2970 958 3034 scriptura
993 2968 1287 3034 expressis
1322 2969 1656 3020 utebantur:
1697 2966 1766 3017 cf.
1796 2981 1842 3018 e.
1870 2981 1922 3032 g.
1963 2966 2297 3030 ἐντυγχάνειν

322 3060 418 3110 τινὶ
439 3059 501 3108 δι’
524 3057 921 3121 ύπομνήμοιτος.
950 3058 1137 3122 Quam
1162 3059 1219 3110 in
1246 3057 1589 3109 sententiam
1610 3056 1920 3122 genuinam
1941 3055 2109 3106 huius
2128 3055 2296 3106 Vocis

323 3149 439 3199 vim
467 3148 562 3199 diu
586 3148 698 3199 iam
728 3148 937 3199 abiisse
965 3155 1193 3199 constat
1210 3148 1268 3212 ¹).
1311 3146 1646 3212 Eodemque
1673 3146 1846 3196 modo
1873 3146 2298 3197 substantivum

504 3305 534 3352 ¹)
566 3305 733 3343 Graeco
772 3307 902 3342 verbo
942 3303 1247 3355 ἐντυγχάνειν
1278 3305 1402 3355 plane
1433 3304 1663 3355 respondet
1692 3303 1868 3342 latinum
1899 3303 2014 3340 adire
2045 3302 2099 3343 cf.
2131 3314 2165 3340 e.
2195 3315 2233 3352 g.
2264 3302 2300 3340 II

326 3378 458 3415 Mace.
489 3378 555 3426 IV,
579 3379 628 3426 36
656 3381 742 3420 τοῦ
774 3379 823 3420 δέ
858 3379 1082 3430 βασιλέως
1115 3378 1463 3428 ἐπανελθόντος
1494 3377 1586 3420 ἀπὸ
1615 3380 1713 3419 τῶν
1744 3376 1863 3418 κατὰ
1894 3375 2094 3418 Κιλικίαν
2123 3375 2299 3425 τόπων,

327 3451 347 3492 ἐ
361 3466 384 3491 ν
398 3452 714 3503 ἐτύγχανον
738 3454 779 3495 οἱ
801 3455 920 3496 κατὰ
939 3454 1075 3496 πόλιν
1094 3453 1336 3503 Ἰουδαῖον,
1363 3454 1500 3504 Vulg.:
1525 3453 1624 3491 »sed
1641 3465 1879 3503 regressum
1897 3464 2038 3502 regem
2057 3451 2108 3489 de
2121 3451 2298 3491 Ciliciae

328 3527 432 3564 locis
477 3528 717 3567 adierunt
762 3530 943 3567 Iudaei«.
1000 3530 1267 3580 Quamquam
1310 3529 1392 3567 hoc
1435 3529 1532 3566 loco
1576 3528 1747 3579 propria
1776 3528 1839 3566 vis
1871 3534 1912 3565 et
1942 3527 2154 3566 sententia
2182 3526 2298 3565 verbi

331 3603 491 3641 sallire«
532 3606 756 3655 perspicua
794 3613 868 3652 cst,
906 3613 1047 3643 tamen
1085 3605 1256 3644 Plautus
1293 3605 1379 3643 Mil.
1416 3613 1512 3653 1227
1552 3603 1718 3642 scribit:
1756 3603 1867 3653 ‘per
1907 3601 2190 3653 epistulam
2229 3607 2299 3639 aut

2434 0 2496 30 εἶθ]
