2496 3996
306 253 366 303 10
1000 264 1066 302 De
1098 264 1375 316 inscriptione
1405 265 1578 315 Syeniti.

300 407 584 458 iudicatae
609 407 666 457 in
685 407 826 457 urbe
842 405 1138 470 Diospolis
1163 406 1442 471 Magnae:
1463 406 1750 470 HermiaS,
1770 406 2089 458 Ptolemaei
2105 406 2273 471 filius,

301 496 600 548 accusavit
629 495 939 560 collegium
968 495 1446 559 choachytarum,
1477 497 1630 562 quod
1662 497 1897 547 domum
1923 496 2030 554 sibi
2055 497 2275 548 amaio·

298 586 455 637 ribus
481 585 753 636 traditam
777 585 985 636 iniuste
1013 585 1405 650 arripuissent.
1445 585 1592 636 Cum
1617 586 1888 638 Hermias
1919 586 1976 637 in
2005 586 2275 638 iudicium

298 676 569 738 venisset,
607 677 792 726 lectus
823 681 912 725 est
941 674 1167 725 libellus
1206 674 1358 739 (pag.
1385 673 1422 737 I,
1459 674 1675 737 12—1H,
1706 675 1804 740 16),
1843 690 1955 740 quo
1986 675 2273 739 HermiaS,

298 764 615 815 Ptolemaei
657 764 826 828 filius,
872 764 1191 826 Hermiam,
1238 771 1578 829 strategum,
1625 764 1872 815 adierat:
1918 764 2014 829 qui
2049 764 2274 816 libellus

296 854 383 904 bis
430 853 687 919 legitima
738 868 885 904 voce
942 851 1329 915 ὑπομνήματος
1380 852 1741 918 significatus
1795 860 1882 904 est
1930 855 2083 919 (pag.
2126 854 2164 917 I,
2214 855 2276 906 13

297 951 352 994 et
385 943 470 1006 III,
504 943 605 1007 22).
651 943 713 993 In
748 943 860 993 hoc
900 942 1091 993 libello
1130 941 1366 993 alterius
1402 942 1692 1008 petitionis
1729 943 1944 994 mentio
1981 943 2062 1006 fit,
2101 958 2276 1009 quam

295 1033 447 1083 idem
495 1032 766 1083 Hermias
804 1031 1103 1083 Demetrio
1153 1035 1228 1098 τῷ
1284 1031 1653 1099 ἑπιστρατηγῷ
1712 1033 2029 1084 obtulerat:
2087 1047 2274 1099 neque

295 1122 484 1187 minus
527 1123 674 1173 haec
717 1122 914 1188 petitio
959 1121 1047 1172 bis
1091 1121 1422 1173 nominatur
1465 1120 1754 1185 ὑπόμνημα
1799 1122 1856 1187 (Ι,
1895 1123 1956 1173 18
1989 1122 2275 1186 et11,32>,

295 1213 351 1263 id
389 1212 542 1278 quod
579 1211 794 1277 optime
832 1212 914 1263 eis
954 1212 1284 1278 respondet,
1324 1227 1472 1278 quae
1511 1213 1580 1263 de
1618 1227 1728 1263 usu
1763 1212 1933 1263 huius
1969 1212 2131 1263 vocis
2169 1212 2277 1264 dis-

297 1301 596 1352 seruimus
635 1301 714 1352 At
737 1301 795 1352 in
819 1301 1010 1352 libello
1038 1302 1312 1353 Hermiae
1340 1309 1600 1367 stratego
1629 1302 1839 1365 oblatO,
1866 1301 1962 1367 qui
1986 1302 2043 1352 in
2066 1302 2275 1354 iudicio

294 1391 503 1456 legitur
538 1406 671 1457 pag.
697 1392 734 1455 I,
766 1392 982 1454 12-1‘11,
1015 1393 1090 1455 16,
1124 1393 1329 1444 tertiae
1366 1392 1660 1458 petitionis
1697 1392 1912 1443 mentio
1949 1391 2029 1455 fit,
2061 1392 2132 1444 de
2162 1408 2277 1459 qua

295 1482 442 1532 haec
480 1488 711 1532 exstant
746 1481 804 1532 in
840 1497 1100 1548 papyro:
1140 1481 1266 1533 ὅθεν
1305 1481 1362 1532 ἐν
1398 1486 1473 1549 τῷ
1515 1481 1659 1549 αὐτῷ
1700 1481 1799 1532 ἔτει
1835 1485 1952 1544 τοῖς
1991 1482 2047 1533 ἐν
2078 1486 2140 1548 τῇ
2169 1482 2272 1546 Θη-

298 1572 438 1633 βαΐδι
471 1574 855 1634 χρηματισταῑς
886 1570 1148 1635 ἐνέβαλον
1187 1571 1465 1623 ἔντευξιν
1501 1571 1574 1633 εἰς
1604 1572 1665 1621 τὸ
1692 1572 1952 1634 προτεθὲν
1979 1569 2066 1622 ὑπ’
2095 1571 2274 1624 αὐτῶν

296 1660 511 1721 ἀγγεῖον
548 1660 603 1711 ἐν
636 1665 696 1727 τῇ
734 1661 1054 1722 Διοσπόλει,
1090 1661 1166 1712 ὧν
1201 1661 1266 1723 ἦν
1303 1661 1632 1723 εἰσαγωγεὺς
1659 1661 1982 1725 Διονύσιος,
2019 1661 2152 1712 κατὰ
2179 1665 2275 1725 τῆς

296 1751 561 1813 Λοβαΐτος
592 1752 730 1814 πρὸς
761 1752 822 1801 τὸ
859 1751 1318 1815 ἀπροφασίστους
1346 1751 1544 1813 αὐτοὺς
1570 1755 1906 1813 καταστῆσαι
1936 1753 2089 1817 (pag.
2116 1752 2177 1815 H,
2204 1753 2274 1816 4).

297 1841 674 1906 Choachytae
713 1841 865 1893 enim
903 1841 1321 1892 simulaverant
1359 1856 1422 1892 se
1462 1842 1698 1893 domum
1741 1842 1900 1893 illam
1938 1857 1973 1892 a
2008 1841 2275 1905 Loba'ste,

293 1932 413 1982 filia
437 1932 642 1996 Eriers,
671 1932 910 1997 emisse;
948 1939 1011 1982 ut
1037 1947 1240 1982 omnes
1274 1938 1614 1997 praetextus
1642 1931 1983 1996 choachytis
2010 1931 2274 1997 eriperet,

294 2021 564 2072 Hermias
602 2021 891 2072 actionem
926 2021 1253 2072 intenderat
1289 2021 1537 2084 Loba'i’ti,
1575 2036 1724 2087 quae
1763 2037 1894 2072 cum
1933 2029 2274 2073 accusatore

296 2111 566 2162 convenit
612 2126 801 2176 neque
848 2111 1038 2176 ipsam
1087 2126 1275 2176 neque
1329 2111 1582 2166 maiores
1635 2112 1872 2163 domum
1923 2111 2274 2177 possedisse.
2349 2101 2352 2109 ’

294 2201 452 2251 Idem
479 2200 720 2264 libellus,
747 2216 919 2267 quem
947 2202 1019 2253 ab
1046 2201 1287 2252 Hermia
1317 2201 1704 2254 chrematistis
1739 2209 1941 2253 contra
1965 2202 2275 2254 Loba'stem

297 2292 550 2341 oblatum
590 2306 720 2342 esse
759 2297 1003 2357 apparet
1041 2305 1114 2341 ex
1149 2305 1282 2356 pag.
1309 2291 1370 2352 II,
1398 2291 1443 2354 4,
1481 2299 1690 2356 postea
1727 2299 1783 2342 et
1814 2291 1938 2357 ipse
1975 2291 2032 2343 in
2067 2291 2276 2343 iudicio

295 2380 504 2444 legitur
541 2380 610 2432 cf.
644 2395 777 2446 pag.
811 2380 896 2444 III,
929 2380 994 2431 23
1025 2395 1146 2446 sqq.
1185 2380 1632 2443 παραναγνόντος
1671 2382 1728 2430 δὲ
1767 2381 1871 2442 καί,
1912 2381 1964 2432 ἐξ
2003 2379 2078 2431 ὧν
2115 2381 2273 2444 παρε-

296 2485 433 2519 κειτο
473 2470 860 2533 δικαιωμάτων,
901 2468 1327 2536 ἀντίγραφο[ν]1)
1375 2469 1688 2534 ἐντεύξεως,
1736 2471 1851 2521 καθ’
1899 2471 1964 2533 ἣν
2010 2470 2151 2534 ἔφη·
2191 2470 2275 2533 ἐμ-

299 2559 561 2622 βαλόντος
600 2558 765 2610 αὐτοῡ
805 2560 1043 2624 (scilicet
1079 2561 1367 2624 Hermias,
1407 2561 1726 2612 Ptolemaei
1761 2561 1936 2626 filius)
1965 2561 2038 2623 εἰς
2061 2561 2122 2610 τὸ
2147 2577 2275 2623 προ-

295 2650 445 2698 τεθὲν
495 2648 709 2710 ἀγγεῖον
764 2647 881 2700 {irruo
937 2651 1090 2715 (sici)
1138 2653 1247 2701 τῶν
1298 2650 1661 2714 ἐπιβαλόντων
1716 2650 1789 2712 εἰς
1837 2650 2129 2712 Διὸςπολιν
2176 2651 2272 2713 τὴν

299 2738 529 2800 μεγάλην
561 2743 951 2803 χρηματιστῶν,
985 2739 1068 2802 οἷς
1106 2740 1318 2802 εἰσῆγεν
1351 2740 1671 2802 Διονύσιος,
1710 2742 1843 2791 κατὰ
1877 2741 2143 2804 Λοβαΐτος
2178 2743 2275 2802 τῆς

303 2827 538 2890 Ἐρίεως.
580 2829 767 2879 Etiam
806 2831 918 2881 hoc
953 2832 1083 2881 loco
1120 2830 1346 2882 libellus
1385 2831 1459 2881 ad
1497 2831 1903 2882 chrematistas
1941 2831 2154 2882 missus
2191 2829 2273 2881 ἒν-

296 2919 464 2978 τευξις
500 2918 841 2970 nominatur.
892 2919 1038 2970 Rem
1074 2920 1304 2985 longius
1341 2921 1787 2985 persequamur!

477 3007 643 3071 DinO,
676 3016 955 3072 patronus
989 3010 1463 3074 choachytarum‚
1498 3017 1701 3060 contra
1733 3018 2093 3075 argumenta,
2123 3025 2271 3076 quae

297 3096 596 3160 PhilocleS,
645 3105 806 3148 actor
850 3099 1139 3162 Hermiae,
1185 3101 1519 3164 protulerat,
1567 3114 1698 3150 cum
1743 3101 1924 3150 multa
1967 3107 2089 3150 tum
2126 3099 2273 3150 haec

299 3186 564 3237 disseruit
602 3202 732 3252 pag.
760 3189 831 3251 V,
859 3189 925 3239 24
951 3204 1106 3254 sqq.:
1154 3187 1393 3239 ἐπελθὼν
1434 3189 1492 3238 δὲ
1530 3189 1614 3238 καὶ
1652 3188 1731 3238 ἐπὶ
1767 3189 1832 3238 τὰ
1868 3190 1964 3238 τοῦ
2004 3187 2271 3239 ἀντιδίκου

301 3276 625 3338 δικαιώματα
658 3278 739 3326 καὶ
773 3277 1333 3339 παραναγνωσθείσης
1364 3280 1459 3339 τῆς
1486 3277 2023 3340 προαναλελεγμὲνης
2056 3275 2270 3328 ἐντεύ-

298 3410 554 3447 l³rzmcorum
596 3412 750 3449 factam
783 3425 806 3449 a
835 3412 1035 3450 Darestio
1074 3413 1113 3449 in
1154 3411 1393 3450 »Nouvelle
1423 3412 1569 3450 Revue
1599 3412 1834 3462 historique
1865 3412 1917 3449 de
1947 3411 2058 3450 droit
2088 3410 2274 3460 francais

302 3492 340 3521 ct
373 3486 564 3533 &isanger
579 3502 593 3518 <1
628 3486 716 3532 VII,
752 3486 847 3534 1883
878 3500 917 3536 p.
952 3496 1018 3534 191
1055 3499 1145 3536 sqq.

478 3559 509 3605 ²)
541 3559 837 3611 ἀντιγράφου
870 3574 1063 3612 papyrus,
1097 3560 1394 3613 ἀντίγραφον
1427 3574 1518 3612 ego.

2409 345 2412 350 ,
2410 230 2418 233 .
2411 147 2413 150 Α
2408 120 2410 123 ,

2454 273 2462 282 s
2466 200 2469 202 ι
2443 161 2446 164 ’
2453 108 2457 114 “
2467 78 2470 80 4
2467 60 2470 62 ¹
2444 23 2446 27 -
2447 0 2453 4 ⁸

2473 374 2495 393 ἴ.
2487 339 2491 341 -
2474 316 2493 332 κῖ
2477 267 2496 302 ἀι
2469 0 2496 262 ζἰ-*Α-’ΞιῑίὶΜ
