2496 3996
934 287 1138 338 ἔντευξις
1169 295 1210 327 et
1239 288 1507 341 ὑπόμνημα.
2169 281 2199 329 9

232 431 414 494 κώμης
437 429 678 481 mittitur
697 429 984 492 ὑπόμνημα
1010 429 1168 495 (Pap.
1189 430 1345 481 Leid.
1366 431 1436 482 A.
1457 434 1490 482 5
1509 434 1653 497 sqq.)
1682 434 2001 498 eodemque
2026 435 2199 486 modo

231 512 607 583 Daimach01)
642 519 873 584 cuidam
911 519 1131 584 (Grenf.
1157 519 1194 582 I,
1227 520 1282 570 11
1314 520 1434 571 Col.
1459 521 1506 584 2,
1534 523 1601 584 7).
1639 521 1701 571 In
1733 509 1936 573 libellis
1963 538 2200 575 mensae

229 606 493 676 publicae
530 608 860 671 Thebanae,
898 623 1044 674 quos
1082 609 1256 660 edidit
1281 609 1547 660 Wilcken
1578 610 2068 676 (Abhandlungen
2100 614 2202 664 der

202 696 488 750 <Berliner
535 698 859 750 Akademie
917 699 1090 765 1886),
1146 699 1378 765 saepius
1426 700 1640 751 mentio
1692 700 1759 751 fit
1811 702 1918 751 τῶν
1971 702 2202 765 ὑπομνη-

232 789 443 852 μάτωνῑ
478 803 710 854 semper
742 788 932 853 agitur
965 789 1035 839 de
1072 789 1439 854 petitionibus
1476 790 1550 841 ad
1585 790 1961 856 magistratus
1995 792 2200 843 missis,

229 874 292 929 In
309 893 535 944 papyro
555 879 816 930 Parisino
841 879 917 942 15,
941 881 970 929 7
992 888 1481 932 commemoratur
1500 881 1715 946 petitiO,
1738 896 1911 946 quam
1928 881 2203 948 Aegyptii

229 967 508 1019 miserant
549 966 868 1033 Πτολεμαίῳ
912 972 988 1036 τῷ
1035 967 1262 1035 ἱππάρχῃ
1310 969 1387 1019 ἐπ’
1428 969 1644 1033 ἀνδρῶν
1689 972 1772 1020 καὶ
1818 970 2067 1037 ἐπιστάτῃ
2107 975 2202 1022 τοῦ

228 1057 346 1120 περὶ
371 1057 589 1121 Θήβας;
628 1073 776 1123 quae
809 1058 1006 1123 petitio
1042 1067 1098 1109 et
1129 1059 1257 1124 ipsa
1293 1060 1623 1111 nominatur
1660 1058 1962 1124 ὑπόμνημα.
2003 1062 2064 1113 In
2091 1063 2204 1127 epi-

231 1149 404 1210 stula,
443 1162 591 1212 quae
635 1163 670 1198 a
715 1148 1050 1200 Ptolemaeo
1087 1148 1477 1201 Philometore
1523 1165 1674 1202 anno
1725 1151 1800 1202 18.
1827 1152 1992 1217 regni
2028 1152 2203 1217 Apol-

230 1235 382 1287 lonio
420 1236 637 1302 scripta
682 1236 837 1302 est2),
881 1237 1161 1303 legimus:
1209 1239 1572 1303 ἐκομισάμεθα
1615 1241 1711 1302 τήν
1751 1240 2038 1303 ἐπιστολὴν
2077 1241 2132 1291 ἐν
2170 1243 2200 1307 ᾖ

230 1325 315 1375 καὶ
349 1327 446 1375 τοῦ
474 1325 732 1387 δοθέντος
768 1325 1153 1390 ύπομνήματος
1188 1329 1333 1390 παρὰ
1360 1329 1572 1379 τῶν....
1608 1334 1953 1392 στρατιωτῶν
1979 1331 2039 1380 τὸ
2071 1330 2201 1380 ἀντί-

226 1427 446 1477 γραφον
482 1413 838 1478 ύποτετάχεις.
875 1416 1086 1468 Milites
1122 1417 1297 1482 igitur
1332 1418 1706 1483 Apollonium
1743 1420 2017 1484 petitione
2055 1421 2204 1471 adie-

228 1511 390 1555 rant:
429 1511 488 1555 at
520 1504 863 1569 Apollonius
898 1505 1117 1569 dubiuS,
1148 1507 1282 1571 quid
1308 1506 1544 1571 faceret,
1579 1508 1914 1571 ἀντίγραφον
1947 1511 2043 1559 τοῦ
2078 1507 2203 1559 ὑπο-

232 1592 505 1656 μνήματος
542 1593 616 1643 ad
650 1607 853 1658 regem
890 1594 1057 1646 misit.

407 1682 487 1733 At
521 1682 638 1733 iam
669 1683 810 1734 satis
842 1698 1122 1749 magnum
1147 1700 1452 1736 numerum
1479 1688 1880 1752 exemplorum
1907 1703 1937 1738 e
1964 1689 2202 1753 papyris

229 1783 323 1822 me
349 1772 785 1824 enumeravisse
817 1781 989 1838 puto:
1029 1775 1180 1826 addo
1213 1776 1604 1827 testimonium
1635 1778 1944 1843 repetitum
1978 1794 2008 1829 e
2042 1778 2201 1838 libro,

230 1861 326 1927 qui
351 1862 555 1914 dicitur
579 1862 826 1927 epistula
850 1863 1135 1928 Aristeae,
1175 1866 1203 1930 ξ
1236 1865 1367 1916 252:
1408 1867 2108 1931 συνανθομολογησάμενος
2145 1869 2202 1917 δέ

229 1950 404 2017 τούτῳ
441 1951 535 2002 τὸν
574 1951 694 2013 ἑξῆς
730 1951 914 2015 ἠρώτα
953 1954 1050 2019 (sc.
1084 1953 1464 2020 Πτολεμαῖος),
1508 1958 1626 2017 πώς
1661 1955 1792 2020 <ἂν>
1829 1957 2202 2019 ἀναμάρτητος

230 2038 332 2102 εἴη’
371 2039 402 2090 ὁ
433 2041 494 2090 δὲ
525 2038 765 2103 ἔφησεν·
807 2040 882 2104 ὡς
916 2042 1125 2093 ἅπαντα
1157 2043 1429 2106 πράσσων
1464 2045 1547 2094 καὶ
1582 2045 1709 2107 μετὰ
1737 2047 2090 2109 διαλογισμοῦ
2119 2048 2203 2096 καὶ

231 2131 297 2193 μὴ
334 2130 652 2193 πειθόμενος
698 2133 998 2195 διαβολαῖς,
1036 2132 1152 2183 ἀλλ’
1193 2132 1356 2195 αὐτὸς
1404 2134 1480 2184 ὢν
1528 2135 1857 2197 δοκιμαστὴς
1901 2136 2010 2185 τῶν
2058 2138 2202 2196 λεγο-

231 2220 407 2283 μὲνων
431 2221 516 2270 καὶ
541 2219 708 2282 κρίσει
734 2222 1079 2273 κατευθύνων
1104 2223 1170 2272 τὰ
1194 2225 1302 2273 τῶν
1341 2223 1688 2275 ἐντεύξεων
1727 2225 1811 2274 καὶ
1846 2225 1934 2294 διὰ
1972 2225 2202 2289 κρίσεως

229 2309 482 2360 ἐπιτελῶν
514 2312 681 2360 ταῦτα
708 2309 1080 2374 ἀναμάρτητος
1117 2311 1180 2362 ἂν
1216 2311 1348 2374 εἴης,
1377 2312 1419 2362 ὧ
1449 2314 1684 2376 βασιλεῦ.
1723 2314 2005 2365 Videmus
2030 2314 2202 2379 igitur

228 2399 776 2471 Aegyptiosaltero
821 2417 868 2453 a.
911 2402 1042 2454 Chr.
1073 2418 1126 2454 n.
1172 2405 1406 2454 saeculo
1450 2434 1515 2438 —
1557 2419 1744 2468 neque
1800 2404 1951 2455 enim
2007 2405 2201 2456 dubito

229 2488 497 2541 Aristeae
528 2490 921 2542 testimonium
950 2492 1011 2543 ΙΙ.
1045 2494 1280 2543 saeculo
1309 2492 1559 2543 tribuere
1589 2494 1906 2544 secundum
1940 2509 2023 2557 ea,
2054 2509 2201 2559 quae

230 2579 558 2631 Wendland
581 2580 867 2645 praefatio
903 2596 1034 2646 pag.
1061 2582 1258 2633 XXVI
1284 2597 1404 2647 sqq.
1446 2582 1714 2633 disseruit
1743 2613 1803 2618 —
1833 2583 1903 2634 de
1929 2583 2201 2648 petitione

229 2668 541 2735 adregem
578 2670 794 2735 scripta
831 2684 1065 2736 semper
1100 2686 1240 2722 usos
1278 2686 1408 2722 esse
1440 2671 1622 2722 Verbo
1661 2670 1968 2736 ἐντεύξεως,
2005 2673 2075 2724 de
2108 2689 2202 2738 pe-

230 2758 427 2810 titione
465 2759 539 2810 ad
575 2760 953 2824 magistratus
991 2760 1172 2811 missa
1207 2761 1389 2811 verbo
1428 2758 1825 2823 ὑπομνήματος.

408 2849 538 2901 Una
575 2849 839 2915 exceptio
886 2865 1017 2900 esse
1054 2850 1297 2913 videtur,
1338 2865 1452 2915 qua
1487 2857 1683 2901 tamen
1721 2865 1783 2901 re
1821 2866 1964 2902 vera
2001 2861 2202 2903 nostra

229 2939 514 2990 sententia
534 2939 747 3003 optime
770 2938 1173 2990 confirmatur:
1195 2940 1459 3004 Papyrus
1482 2939 1613 2990 Tor.
1637 2940 1674 3002 I,
1699 2940 1769 2990 de
1796 2955 1907 3005 quo
1929 2942 2199 3003 hoclocO,

229 3036 507 3092 quantum
546 3029 619 3079 ad
655 3029 806 3079 hanc
844 3029 1242 3094 quaestionem
1278 3030 1540 3094 pertinet,
1579 3029 1762 3080 fusius
1802 3030 2200 3082 disserendum

230 3130 360 3167 esse
397 3125 534 3182 puto
547 3119 604 3182 3).
642 3117 906 3182 Papyrus
935 3118 1167 3168 exhibet
1193 3125 1324 3169 acta
1348 3133 1561 3169 causae
1598 3133 1749 3169 anno
1788 3120 1881 3169 117
1909 3134 1957 3170 a.
1986 3119 2119 3171 Chr.
2148 3137 2197 3171 n.

411 3244 440 3292 ¹)
468 3243 709 3295 Δαγμάχῳ
739 3256 935 3295 papyrus,
965 3244 1195 3297 Δαϊμάχῳ
1227 3245 1337 3284 Keil.

407 3309 439 3359 2)
471 3310 519 3350 C.
541 3310 570 3348 I.
592 3310 665 3351 Gr.
686 3311 762 3349 ins.
784 3310 852 3357 111,
884 3318 971 3359 327.
1001 3311 1124 3349 Hanc
1157 3312 1381 3362 epistulam
1412 3313 1614 3362 scriptam
1645 3324 1740 3350 esse
1771 3325 1794 3350 a
1824 3313 2073 3352 Ptolemaeo
2104 3315 2201 3351 Phi-

226 3376 435 3415 lometore
465 3377 774 3416 demonstravit
803 3377 939 3415 Hiller
969 3377 1021 3415 de
1053 3378 1309 3429 Giirtringen
1338 3378 1612 3426 (Festschrift
1641 3392 1689 3417 zu
1715 3379 1854 3418 Ehren
1885 3379 1990 3419 Otto
2021 3381 2199 3419 Hirsch-

231 3442 339 3480 felds
368 3455 463 3494 pag.
483 3452 534 3491 94
564 3445 686 3493 sqq.).

403 3510 439 3559 3)
468 3510 639 3548 Praeter
680 3511 912 3549 editionem
943 3525 967 3549 a
995 3512 1161 3562 Peyron
1200 3512 1356 3550 factam
1395 3512 1447 3550 cf.
1479 3512 1623 3553 Caroli
1661 3513 1821 3551 Wolffii
1853 3514 2197 3553 dissertationem

202 3577 305 3615 ,»de
336 3590 463 3615 causa
484 3578 717 3616 Hermiana
745 3591 841 3629 pap.
872 3586 1038 3629 aegypt,
1067 3579 1244 3617 tradita«
1268 3579 1437 3618 Vratisl.
1472 3580 1569 3627 1874
1600 3587 1640 3618 et
1670 3581 1912 3619 versionem
1942 3582 1983 3619 in
2011 3581 2198 3633 linguam
