<?xml version="1.0" encoding="UTF-8"?>
<!DOCTYPE html PUBLIC "-//W3C//DTD XHTML 1.0 Transitional//EN"
    "http://www.w3.org/TR/xhtml1/DTD/xhtml1-transitional.dtd">
<html xmlns="http://www.w3.org/1999/xhtml" xml:lang="en" lang="en">
 <head>
  <title>
</title>
<meta http-equiv="Content-Type" content="text/html;charset=utf-8" />
  <meta name='ocr-system' content='tesseract 3.04.00' />
  <meta name='ocr-capabilities' content='ocr_page ocr_carea ocr_par ocr_line ocrx_word'/>
</head>
<body>
  <div class='ocr_page' id='page_1' title='image "./quaestionesepigr00laquuoft_0064.png"; bbox 0 0 2496 3996; ppageno 0'>
   <div class='ocr_carea' id='block_1_1' title="bbox 308 351 1872 416">
    <p class='ocr_par' dir='ltr' id='par_1_1' title="bbox 308 351 1872 416">
     <span class='ocr_line' id='line_1_1' title="bbox 308 351 1872 416; baseline 0.002 -15"><span class='ocrx_word' id='word_1_1' title='bbox 308 351 373 401; x_wconf 79' lang='lat'>56</span> <span class='ocrx_word' id='word_1_2' title='bbox 698 363 764 402; x_wconf 88' lang='lat' dir='ltr'>De</span> <span class='ocrx_word' id='word_1_3' title='bbox 793 363 1067 415; x_wconf 88' lang='lat' dir='ltr'>praescriptis</span> <span class='ocrx_word' id='word_1_4' title='bbox 1097 365 1469 403; x_wconf 86' lang='lat' dir='ltr'>instrumentorum</span> <span class='ocrx_word' id='word_1_5' title='bbox 1498 365 1763 416; x_wconf 89' lang='lat' dir='ltr'>publicorum</span> <span class='ocrx_word' id='word_1_6' title='bbox 1794 373 1872 404; x_wconf 87' lang='lat' dir='ltr'>etc.</span> 
     </span>
    </p>
   </div>
   <div class='ocr_carea' id='block_1_2' title="bbox 302 505 2308 3700">
    <p class='ocr_par' dir='ltr' id='par_1_2' title="bbox 303 505 2308 2363">
     <span class='ocr_line' id='line_1_2' title="bbox 487 505 2274 572; baseline 0.003 -17"><span class='ocrx_word' id='word_1_7' title='bbox 487 505 750 570; x_wconf 90' lang='lat' dir='ltr'>Denique</span> <span class='ocrx_word' id='word_1_8' title='bbox 783 505 894 555; x_wconf 93' lang='lat' dir='ltr'>hoc</span> <span class='ocrx_word' id='word_1_9' title='bbox 917 505 1148 556; x_wconf 90' lang='lat' dir='ltr'>tertium</span> <span class='ocrx_word' id='word_1_10' title='bbox 1173 521 1324 556; x_wconf 93' lang='lat' dir='ltr'>nunc</span> <span class='ocrx_word' id='word_1_11' title='bbox 1350 507 1665 571; x_wconf 82' lang='lat' dir='ltr'>apparebit.</span> <span class='ocrx_word' id='word_1_12' title='bbox 1707 507 1951 572; x_wconf 80' lang='lat' dir='ltr'>Saepius</span> <span class='ocrx_word' id='word_1_13' title='bbox 1982 508 2096 559; x_wconf 91' lang='lat' dir='ltr'>iam</span> <span class='ocrx_word' id='word_1_14' title='bbox 2124 523 2274 560; x_wconf 89' lang='lat' dir='ltr'>com-</span> 
     </span>
     <span class='ocr_line' id='line_1_3' title="bbox 308 594 2274 662; baseline 0.002 -17"><span class='ocrx_word' id='word_1_15' title='bbox 308 594 757 646; x_wconf 72' lang='lat' dir='ltr'>memoravimus</span> <span class='ocrx_word' id='word_1_16' title='bbox 799 595 1042 645; x_wconf 87' lang='lat' dir='ltr'>tabellas</span> <span class='ocrx_word' id='word_1_17' title='bbox 1086 594 1346 659; x_wconf 90' lang='lat' dir='ltr'>publicas</span> <span class='ocrx_word' id='word_1_18' title='bbox 1390 609 1626 647; x_wconf 83' lang='lat' dir='ltr'>mensae</span> <span class='ocrx_word' id='word_1_19' title='bbox 1663 595 1991 659; x_wconf 74' lang='lat' dir='ltr'>Thebanae,</span> <span class='ocrx_word' id='word_1_20' title='bbox 2027 612 2274 662; x_wconf 86' lang='lat' dir='ltr'>quarum</span> 
     </span>
     <span class='ocr_line' id='line_1_4' title="bbox 308 675 2274 748; baseline 0.001 -14"><span class='ocrx_word' id='word_1_21' title='bbox 308 699 422 734; x_wconf 90' lang='lat' dir='ltr'>una</span> <span class='ocrx_word' id='word_1_22' title='bbox 448 683 662 748; x_wconf 89' lang='lat' dir='ltr'>scripta</span> <span class='ocrx_word' id='word_1_23' title='bbox 695 690 807 734; x_wconf 87' lang='lat' dir='ltr'>est:</span> <span class='ocrx_word' id='word_1_24' title='bbox 847 682 1002 744; x_wconf 75' lang='grc' dir='ltr'>ἔτους</span> <span class='ocrx_word' id='word_1_25' title='bbox 1040 683 1292 746; x_wconf 74' lang='grc' dir='ltr'>δευτέρου</span> <span class='ocrx_word' id='word_1_26' title='bbox 1334 684 1502 746; x_wconf 85' lang='grc' dir='ltr'>μηνὸς</span> <span class='ocrx_word' id='word_1_27' title='bbox 1539 687 1736 748; x_wconf 85' lang='grc' dir='ltr'>φαῶφι</span> <span class='ocrx_word' id='word_1_28' title='bbox 1773 675 1834 736; x_wconf 57' lang='lat' dir='ltr'>f&amp;</span> <span class='ocrx_word' id='word_1_29' title='bbox 1875 686 2274 748; x_wconf 82' lang='grc' dir='ltr'>βασιλευούσης</span> 
     </span>
     <span class='ocr_line' id='line_1_5' title="bbox 311 772 2274 843; baseline 0.003 -21"><span class='ocrx_word' id='word_1_30' title='bbox 311 773 649 835; x_wconf 86' lang='grc' dir='ltr'>Κλεοπάτρας</span> <span class='ocrx_word' id='word_1_31' title='bbox 675 774 802 834; x_wconf 83' lang='grc' dir='ltr'>θεᾶς</span> <span class='ocrx_word' id='word_1_32' title='bbox 828 772 1204 835; x_wconf 82' lang='grc' dir='ltr'>Φιλομήτορος</span> <span class='ocrx_word' id='word_1_33' title='bbox 1229 773 1511 836; x_wconf 83' lang='grc' dir='ltr'>Σωτείρας.</span> <span class='ocrx_word' id='word_1_34' title='bbox 1567 773 1752 838; x_wconf 86' lang='lat' dir='ltr'>Quem</span> <span class='ocrx_word' id='word_1_35' title='bbox 1777 789 2063 843; x_wconf 86' lang='lat' dir='ltr'>papyrum</span> <span class='ocrx_word' id='word_1_36' title='bbox 2090 776 2274 828; x_wconf 86' lang='lat' dir='ltr'>Revil-</span> 
     </span>
     <span class='ocr_line' id='line_1_6' title="bbox 306 850 2276 932; baseline 0.002 -19"><span class='ocrx_word' id='word_1_37' title='bbox 306 864 427 914; x_wconf 93' lang='lat' dir='ltr'>lout</span> <span class='ocrx_word' id='word_1_38' title='bbox 470 863 888 914; x_wconf 88' lang='lat' dir='ltr'>demonstravit</span> <span class='ocrx_word' id='word_1_39' title='bbox 932 863 1137 914; x_wconf 89' lang='lat' dir='ltr'>eodem</span> <span class='ocrx_word' id='word_1_40' title='bbox 1174 850 1726 916; x_wconf 38' lang='lat' dir='ltr'>anno&#39;tribuendum</span> <span class='ocrx_word' id='word_1_41' title='bbox 1772 880 1902 916; x_wconf 88' lang='lat' dir='ltr'>esse</span> <span class='ocrx_word' id='word_1_42' title='bbox 1948 873 2120 931; x_wconf 90' lang='lat' dir='ltr'>atque</span> <span class='ocrx_word' id='word_1_43' title='bbox 2165 867 2276 932; x_wconf 90' lang='lat' dir='ltr'>epi-</span> 
     </span>
     <span class='ocr_line' id='line_1_7' title="bbox 307 953 2277 1019; baseline 0.002 -16"><span class='ocrx_word' id='word_1_44' title='bbox 307 954 517 1003; x_wconf 89' lang='lat' dir='ltr'>stulam</span> <span class='ocrx_word' id='word_1_45' title='bbox 555 953 767 1004; x_wconf 85' lang='lat' dir='ltr'>editam</span> <span class='ocrx_word' id='word_1_46' title='bbox 801 953 859 1004; x_wconf 91' lang='lat' dir='ltr'>in</span> <span class='ocrx_word' id='word_1_47' title='bbox 894 953 1035 1004; x_wconf 84' lang='lat' dir='ltr'>Rev.</span> <span class='ocrx_word' id='word_1_48' title='bbox 1076 957 1269 1018; x_wconf 80' lang='lat' dir='ltr'>egypt.</span> <span class='ocrx_word' id='word_1_49' title='bbox 1300 953 1404 1005; x_wconf 87' lang='lat' dir='ltr'>VII</span> <span class='ocrx_word' id='word_1_50' title='bbox 1439 969 1571 1019; x_wconf 76' lang='lat' dir='ltr'>pag.</span> <span class='ocrx_word' id='word_1_51' title='bbox 1598 955 1678 1006; x_wconf 81' lang='lat'>39.</span> <span class='ocrx_word' id='word_1_52' title='bbox 1728 954 1922 1006; x_wconf 84' lang='lat' dir='ltr'>Secuti</span> <span class='ocrx_word' id='word_1_53' title='bbox 1957 963 2090 1006; x_wconf 92' lang='lat' dir='ltr'>sunt</span> <span class='ocrx_word' id='word_1_54' title='bbox 2126 956 2277 1008; x_wconf 86' lang='lat' dir='ltr'>hanc</span> 
     </span>
     <span class='ocr_line' id='line_1_8' title="bbox 308 1043 2277 1111; baseline 0.001 -17"><span class='ocrx_word' id='word_1_55' title='bbox 308 1043 651 1094; x_wconf 87' lang='lat' dir='ltr'>sententiam</span> <span class='ocrx_word' id='word_1_56' title='bbox 688 1043 894 1095; x_wconf 84' lang='lat' dir='ltr'>Strack</span> <span class='ocrx_word' id='word_1_57' title='bbox 933 1051 988 1095; x_wconf 92' lang='lat' dir='ltr'>et</span> <span class='ocrx_word' id='word_1_58' title='bbox 1026 1044 1304 1107; x_wconf 75' lang='lat' dir='ltr'>W&#39;ilcken,</span> <span class='ocrx_word' id='word_1_59' title='bbox 1355 1058 1705 1110; x_wconf 90' lang='lat' dir='ltr'>quamquam</span> <span class='ocrx_word' id='word_1_60' title='bbox 1741 1045 1833 1096; x_wconf 90' lang='lat' dir='ltr'>ille</span> <span class='ocrx_word' id='word_1_61' title='bbox 1872 1045 2101 1111; x_wconf 88' lang='lat' dir='ltr'>quidem</span> <span class='ocrx_word' id='word_1_62' title='bbox 2137 1045 2277 1096; x_wconf 88' lang='lat' dir='ltr'>vidit</span> 
     </span>
     <span class='ocr_line' id='line_1_9' title="bbox 306 1121 2278 1200; baseline 0.003 -18"><span class='ocrx_word' id='word_1_63' title='bbox 306 1132 361 1182; x_wconf 92' lang='lat' dir='ltr'>in</span> <span class='ocrx_word' id='word_1_64' title='bbox 384 1133 726 1198; x_wconf 81' lang='lat' dir='ltr'>cognomine</span> <span class='ocrx_word' id='word_1_65' title='bbox 746 1135 841 1194; x_wconf 83' lang='grc' dir='ltr'>τῆς</span> <span class='ocrx_word' id='word_1_66' title='bbox 862 1132 1238 1196; x_wconf 85' lang='grc' dir='ltr'>Φιλομήτορος</span> <span class='ocrx_word' id='word_1_67' title='bbox 1258 1133 1541 1197; x_wconf 80' lang='grc' dir='ltr'>Σωτείρας,</span> <span class='ocrx_word' id='word_1_68' title='bbox 1565 1121 1719 1200; x_wconf 87' lang='lat' dir='ltr'>quod</span> <span class='ocrx_word' id='word_1_69' title='bbox 1737 1135 1794 1185; x_wconf 92' lang='lat' dir='ltr'>in</span> <span class='ocrx_word' id='word_1_70' title='bbox 1814 1135 2022 1186; x_wconf 89' lang='lat' dir='ltr'>ceteris</span> <span class='ocrx_word' id='word_1_71' title='bbox 2038 1135 2278 1200; x_wconf 83' lang='lat' dir='ltr'>papyris</span> 
     </span>
     <span class='ocr_line' id='line_1_10' title="bbox 305 1219 2308 1290; baseline 0.001 -17"><span class='ocrx_word' id='word_1_72' title='bbox 305 1237 619 1288; x_wconf 87' lang='lat' dir='ltr'>numquam</span> <span class='ocrx_word' id='word_1_73' title='bbox 658 1223 1004 1288; x_wconf 85' lang='lat' dir='ltr'>Cleopatrae</span> <span class='ocrx_word' id='word_1_74' title='bbox 1027 1223 1074 1274; x_wconf 94' lang='grc' dir='ltr'>ΙΙ</span> <span class='ocrx_word' id='word_1_75' title='bbox 1097 1223 1372 1274; x_wconf 90' lang='lat' dir='ltr'>tributum</span> <span class='ocrx_word' id='word_1_76' title='bbox 1399 1232 1500 1287; x_wconf 92' lang='lat' dir='ltr'>est,</span> <span class='ocrx_word' id='word_1_77' title='bbox 1526 1224 1718 1276; x_wconf 92' lang='lat' dir='ltr'>inesse</span> <span class='ocrx_word' id='word_1_78' title='bbox 1743 1239 2017 1290; x_wconf 82' lang='lat' dir='ltr'>magnam</span> <span class='ocrx_word' id='word_1_79' title='bbox 2044 1224 2281 1276; x_wconf 80' lang='lat' dir='ltr'>difficul-</span> <span class='ocrx_word' id='word_1_80' title='bbox 2305 1219 2308 1222; x_wconf 67' lang='grc'>’</span> 
     </span>
     <span class='ocr_line' id='line_1_11' title="bbox 305 1312 2280 1379; baseline 0.002 -17"><span class='ocrx_word' id='word_1_81' title='bbox 305 1318 498 1362; x_wconf 86' lang='lat' dir='ltr'>tatem.</span> <span class='ocrx_word' id='word_1_82' title='bbox 570 1312 734 1363; x_wconf 93' lang='lat' dir='ltr'>Nunc</span> <span class='ocrx_word' id='word_1_83' title='bbox 783 1320 1026 1378; x_wconf 91' lang='lat' dir='ltr'>apparet</span> <span class='ocrx_word' id='word_1_84' title='bbox 1071 1312 1443 1378; x_wconf 88' lang='lat' dir='ltr'>Cleopatram</span> <span class='ocrx_word' id='word_1_85' title='bbox 1478 1313 1665 1378; x_wconf 90' lang='lat' dir='ltr'>ipsam</span> <span class='ocrx_word' id='word_1_86' title='bbox 1702 1328 1806 1378; x_wconf 88' lang='lat' dir='ltr'>per</span> <span class='ocrx_word' id='word_1_87' title='bbox 1842 1328 2025 1364; x_wconf 89' lang='lat' dir='ltr'>annos</span> <span class='ocrx_word' id='word_1_88' title='bbox 2061 1321 2280 1379; x_wconf 91' lang='lat' dir='ltr'>pertur-</span> 
     </span>
     <span class='ocr_line' id='line_1_12' title="bbox 305 1401 2280 1469; baseline 0.001 -17"><span class='ocrx_word' id='word_1_89' title='bbox 305 1401 550 1452; x_wconf 86' lang='lat' dir='ltr'>bationis</span> <span class='ocrx_word' id='word_1_90' title='bbox 603 1402 709 1452; x_wconf 92' lang='lat' dir='ltr'>sibi</span> <span class='ocrx_word' id='word_1_91' title='bbox 756 1403 867 1453; x_wconf 94' lang='lat' dir='ltr'>hoc</span> <span class='ocrx_word' id='word_1_92' title='bbox 910 1417 1234 1467; x_wconf 83' lang='lat' dir='ltr'>cognomen</span> <span class='ocrx_word' id='word_1_93' title='bbox 1280 1404 1653 1468; x_wconf 82' lang='lat' dir='ltr'>arrogavisse</span> <span class='ocrx_word' id='word_1_94' title='bbox 1692 1403 1896 1454; x_wconf 88' lang='lat' dir='ltr'>eodem</span> <span class='ocrx_word' id='word_1_95' title='bbox 1938 1404 2127 1467; x_wconf 90' lang='lat' dir='ltr'>mod0‚</span> <span class='ocrx_word' id='word_1_96' title='bbox 2167 1418 2280 1469; x_wconf 93' lang='lat' dir='ltr'>quo</span> 
     </span>
     <span class='ocr_line' id='line_1_13' title="bbox 306 1491 2282 1560; baseline 0.002 -19"><span class='ocrx_word' id='word_1_97' title='bbox 306 1491 412 1541; x_wconf 89' lang='lat' dir='ltr'>sibi</span> <span class='ocrx_word' id='word_1_98' title='bbox 456 1491 585 1556; x_wconf 86' lang='lat' dir='ltr'>ipsa</span> <span class='ocrx_word' id='word_1_99' title='bbox 621 1491 1007 1542; x_wconf 81' lang='lat' dir='ltr'>sacerdotium</span> <span class='ocrx_word' id='word_1_100' title='bbox 1044 1492 1296 1543; x_wconf 87' lang='lat' dir='ltr'>instituit.</span> <span class='ocrx_word' id='word_1_101' title='bbox 1351 1492 1573 1544; x_wconf 83' lang='lat' dir='ltr'>Rursus</span> <span class='ocrx_word' id='word_1_102' title='bbox 1612 1494 1816 1544; x_wconf 91' lang='lat' dir='ltr'>eodem</span> <span class='ocrx_word' id='word_1_103' title='bbox 1852 1502 2129 1559; x_wconf 89' lang='lat' dir='ltr'>tempore,</span> <span class='ocrx_word' id='word_1_104' title='bbox 2167 1509 2282 1560; x_wconf 90' lang='lat' dir='ltr'>quo</span> 
     </span>
     <span class='ocr_line' id='line_1_14' title="bbox 306 1581 2282 1647; baseline 0.002 -15"><span class='ocrx_word' id='word_1_105' title='bbox 306 1582 602 1646; x_wconf 88' lang='lat' dir='ltr'>proprium</span> <span class='ocrx_word' id='word_1_106' title='bbox 639 1581 1026 1632; x_wconf 88' lang='lat' dir='ltr'>sacerdotium</span> <span class='ocrx_word' id='word_1_107' title='bbox 1065 1581 1411 1647; x_wconf 88' lang='lat' dir='ltr'>Cleopatrae</span> <span class='ocrx_word' id='word_1_108' title='bbox 1447 1590 1579 1647; x_wconf 85' lang='lat' dir='ltr'>post</span> <span class='ocrx_word' id='word_1_109' title='bbox 1615 1583 1862 1634; x_wconf 89' lang='lat' dir='ltr'>reditum</span> <span class='ocrx_word' id='word_1_110' title='bbox 1899 1597 2067 1634; x_wconf 92' lang='lat' dir='ltr'>suum</span> <span class='ocrx_word' id='word_1_111' title='bbox 2099 1583 2282 1635; x_wconf 90' lang='lat' dir='ltr'>Ptole-</span> 
     </span>
     <span class='ocr_line' id='line_1_15' title="bbox 305 1670 2282 1738; baseline 0.001 -16"><span class='ocrx_word' id='word_1_112' title='bbox 305 1686 508 1723; x_wconf 88' lang='lat' dir='ltr'>maeus</span> <span class='ocrx_word' id='word_1_113' title='bbox 555 1671 816 1734; x_wconf 88' lang='lat' dir='ltr'>removit,</span> <span class='ocrx_word' id='word_1_114' title='bbox 856 1685 1182 1737; x_wconf 81' lang='lat' dir='ltr'>cognomen</span> <span class='ocrx_word' id='word_1_115' title='bbox 1230 1670 1576 1736; x_wconf 88' lang='lat' dir='ltr'>Cleopatrae</span> <span class='ocrx_word' id='word_1_116' title='bbox 1614 1672 1819 1723; x_wconf 89' lang='lat' dir='ltr'>desinit</span> <span class='ocrx_word' id='word_1_117' title='bbox 1854 1672 1992 1723; x_wconf 81' lang='lat' dir='ltr'>ferri</span> <span class='ocrx_word' id='word_1_118' title='bbox 2027 1672 2085 1724; x_wconf 89' lang='lat' dir='ltr'>in</span> <span class='ocrx_word' id='word_1_119' title='bbox 2119 1688 2282 1738; x_wconf 88' lang='lat' dir='ltr'>prae-</span> 
     </span>
     <span class='ocr_line' id='line_1_16' title="bbox 307 1761 2284 1835; baseline 0.001 -23"><span class='ocrx_word' id='word_1_120' title='bbox 307 1761 547 1827; x_wconf 69' lang='lat' dir='ltr'>scriptis</span> <span class='ocrx_word' id='word_1_121' title='bbox 610 1762 810 1827; x_wconf 89' lang='lat' dir='ltr'>Neque</span> <span class='ocrx_word' id='word_1_122' title='bbox 848 1761 1171 1826; x_wconf 88' lang='lat' dir='ltr'>scriptionis</span> <span class='ocrx_word' id='word_1_123' title='bbox 1207 1768 1464 1812; x_wconf 87' lang='lat' dir='ltr'>mutatae</span> <span class='ocrx_word' id='word_1_124' title='bbox 1503 1776 1681 1835; x_wconf 82' lang='lat' dir='ltr'>causa</span> <span class='ocrx_word' id='word_1_125' title='bbox 1715 1762 1772 1812; x_wconf 91' lang='lat' dir='ltr'>in</span> <span class='ocrx_word' id='word_1_126' title='bbox 1798 1763 2056 1830; x_wconf 50' lang='lat' dir='ltr'>,obscuro</span> <span class='ocrx_word' id='word_1_127' title='bbox 2093 1763 2284 1828; x_wconf 87' lang='lat' dir='ltr'>posita</span> 
     </span>
     <span class='ocr_line' id='line_1_17' title="bbox 307 1850 2281 1918; baseline 0.001 -16"><span class='ocrx_word' id='word_1_128' title='bbox 307 1858 420 1902; x_wconf 86' lang='lat' dir='ltr'>est:</span> <span class='ocrx_word' id='word_1_129' title='bbox 458 1851 725 1902; x_wconf 90' lang='lat' dir='ltr'>nimirum</span> <span class='ocrx_word' id='word_1_130' title='bbox 750 1850 905 1902; x_wconf 84' lang='lat' dir='ltr'>haud</span> <span class='ocrx_word' id='word_1_131' title='bbox 928 1851 1007 1902; x_wconf 91' lang='lat' dir='ltr'>ita</span> <span class='ocrx_word' id='word_1_132' title='bbox 1031 1852 1228 1914; x_wconf 81' lang='lat' dir='ltr'>multO,</span> <span class='ocrx_word' id='word_1_133' title='bbox 1255 1858 1565 1916; x_wconf 87' lang='lat' dir='ltr'>postquam</span> <span class='ocrx_word' id='word_1_134' title='bbox 1590 1851 1958 1903; x_wconf 89' lang='lat' dir='ltr'>Ptolemaeus</span> <span class='ocrx_word' id='word_1_135' title='bbox 1987 1867 2059 1903; x_wconf 82' lang='lat' dir='ltr'>ex</span> <span class='ocrx_word' id='word_1_136' title='bbox 2085 1852 2281 1918; x_wconf 86' lang='lat' dir='ltr'>Cypro</span> 
     </span>
     <span class='ocr_line' id='line_1_18' title="bbox 304 1940 2283 2006; baseline 0.001 -15"><span class='ocrx_word' id='word_1_137' title='bbox 304 1941 484 2003; x_wconf 89' lang='lat' dir='ltr'>rediit,</span> <span class='ocrx_word' id='word_1_138' title='bbox 536 1941 847 2006; x_wconf 89' lang='lat' dir='ltr'>Cleopatra</span> <span class='ocrx_word' id='word_1_139' title='bbox 894 1940 1231 2005; x_wconf 85' lang='lat' dir='ltr'>Aegyptum</span> <span class='ocrx_word' id='word_1_140' title='bbox 1278 1940 1526 2006; x_wconf 88' lang='lat' dir='ltr'>reliquit;</span> <span class='ocrx_word' id='word_1_141' title='bbox 1576 1956 1808 2006; x_wconf 88' lang='lat' dir='ltr'>semper</span> <span class='ocrx_word' id='word_1_142' title='bbox 1856 1941 2176 1993; x_wconf 88' lang='lat' dir='ltr'>discordiae</span> <span class='ocrx_word' id='word_1_143' title='bbox 2225 1949 2283 1993; x_wconf 88' lang='lat' dir='ltr'>et</span> 
     </span>
     <span class='ocr_line' id='line_1_19' title="bbox 306 2018 2282 2096; baseline 0.001 -15"><span class='ocrx_word' id='word_1_144' title='bbox 306 2030 626 2081; x_wconf 89' lang='lat' dir='ltr'>simultates</span> <span class='ocrx_word' id='word_1_145' title='bbox 650 2030 797 2081; x_wconf 90' lang='lat' dir='ltr'>inter</span> <span class='ocrx_word' id='word_1_146' title='bbox 816 2030 1213 2081; x_wconf 88' lang='lat' dir='ltr'>Ptolemaeum</span> <span class='ocrx_word' id='word_1_147' title='bbox 1240 2038 1296 2080; x_wconf 90' lang='lat' dir='ltr'>et</span> <span class='ocrx_word' id='word_1_148' title='bbox 1319 2045 1564 2081; x_wconf 81' lang='lat' dir='ltr'>uxorem</span> <span class='ocrx_word' id='word_1_149' title='bbox 1589 2018 1919 2095; x_wconf 77' lang='lat' dir='ltr'>flagrabant</span> <span class='ocrx_word' id='word_1_150' title='bbox 1945 2030 2037 2096; x_wconf 81' lang='lat' dir='ltr'>(cf.</span> <span class='ocrx_word' id='word_1_151' title='bbox 2059 2030 2282 2089; x_wconf 84' lang='lat' dir='ltr'>Strack‚</span> 
     </span>
     <span class='ocr_line' id='line_1_20' title="bbox 306 2119 2283 2186; baseline 0.001 -15"><span class='ocrx_word' id='word_1_152' title='bbox 306 2120 589 2185; x_wconf 84' lang='lat' dir='ltr'>Dynastie</span> <span class='ocrx_word' id='word_1_153' title='bbox 614 2134 745 2185; x_wconf 82' lang='lat' dir='ltr'>pag.</span> <span class='ocrx_word' id='word_1_154' title='bbox 766 2120 868 2184; x_wconf 73' lang='lat'>38),</span> <span class='ocrx_word' id='word_1_155' title='bbox 896 2134 1010 2185; x_wconf 92' lang='lat' dir='ltr'>qua</span> <span class='ocrx_word' id='word_1_156' title='bbox 1034 2135 1097 2170; x_wconf 87' lang='lat' dir='ltr'>re</span> <span class='ocrx_word' id='word_1_157' title='bbox 1122 2119 1290 2170; x_wconf 82' lang='lat' dir='ltr'>facile</span> <span class='ocrx_word' id='word_1_158' title='bbox 1315 2120 1664 2185; x_wconf 85' lang='lat' dir='ltr'>intellegitur</span> <span class='ocrx_word' id='word_1_159' title='bbox 1683 2135 1898 2186; x_wconf 84' lang='lat' dir='ltr'>regem,</span> <span class='ocrx_word' id='word_1_160' title='bbox 1919 2121 2016 2172; x_wconf 91' lang='lat' dir='ltr'>ubi</span> <span class='ocrx_word' id='word_1_161' title='bbox 2034 2121 2283 2186; x_wconf 87' lang='lat' dir='ltr'>primum</span> 
     </span>
     <span class='ocr_line' id='line_1_21' title="bbox 306 2209 2284 2276; baseline 0 -14"><span class='ocrx_word' id='word_1_162' title='bbox 306 2211 493 2262; x_wconf 90' lang='lat' dir='ltr'>denuo</span> <span class='ocrx_word' id='word_1_163' title='bbox 542 2225 735 2261; x_wconf 88' lang='lat' dir='ltr'>rerum</span> <span class='ocrx_word' id='word_1_164' title='bbox 781 2210 996 2275; x_wconf 91' lang='lat' dir='ltr'>potitus</span> <span class='ocrx_word' id='word_1_165' title='bbox 1035 2217 1138 2272; x_wconf 89' lang='lat' dir='ltr'>est,</span> <span class='ocrx_word' id='word_1_166' title='bbox 1188 2211 1457 2273; x_wconf 81' lang='lat' dir='ltr'>honoreS,</span> <span class='ocrx_word' id='word_1_167' title='bbox 1496 2225 1640 2276; x_wconf 90' lang='lat' dir='ltr'>quos</span> <span class='ocrx_word' id='word_1_168' title='bbox 1668 2209 1980 2276; x_wconf 88' lang='lat' dir='ltr'>Cleopatra</span> <span class='ocrx_word' id='word_1_169' title='bbox 2014 2210 2142 2276; x_wconf 88' lang='lat' dir='ltr'>ipsa</span> <span class='ocrx_word' id='word_1_170' title='bbox 2178 2211 2284 2263; x_wconf 91' lang='lat' dir='ltr'>sibi</span> 
     </span>
     <span class='ocr_line' id='line_1_22' title="bbox 303 2300 1025 2363; baseline 0 -12"><span class='ocrx_word' id='word_1_171' title='bbox 303 2301 643 2363; x_wconf 88' lang='lat' dir='ltr'>instituerat,</span> <span class='ocrx_word' id='word_1_172' title='bbox 683 2300 1025 2351; x_wconf 85' lang='lat' dir='ltr'>abolevisse.</span> 
     </span>
    </p>

    <p class='ocr_par' dir='ltr' id='par_1_3' title="bbox 302 2389 2283 3700">
     <span class='ocr_line' id='line_1_23' title="bbox 485 2389 2283 2456; baseline 0.001 -15"><span class='ocrx_word' id='word_1_173' title='bbox 485 2391 563 2441; x_wconf 81' lang='lat' dir='ltr'>At</span> <span class='ocrx_word' id='word_1_174' title='bbox 597 2405 712 2441; x_wconf 93' lang='lat' dir='ltr'>non</span> <span class='ocrx_word' id='word_1_175' title='bbox 750 2390 937 2442; x_wconf 87' lang='lat' dir='ltr'>solum</span> <span class='ocrx_word' id='word_1_176' title='bbox 979 2390 1260 2441; x_wconf 86' lang='lat' dir='ltr'>memoria</span> <span class='ocrx_word' id='word_1_177' title='bbox 1284 2389 1501 2455; x_wconf 90' lang='lat' dir='ltr'>proprii</span> <span class='ocrx_word' id='word_1_178' title='bbox 1534 2390 1841 2442; x_wconf 89' lang='lat' dir='ltr'>sacerdotii</span> <span class='ocrx_word' id='word_1_179' title='bbox 1867 2390 2212 2456; x_wconf 88' lang='lat' dir='ltr'>Cleopatrae</span> <span class='ocrx_word' id='word_1_180' title='bbox 2237 2390 2283 2441; x_wconf 84' lang='lat' dir='ltr'>II</span> 
     </span>
     <span class='ocr_line' id='line_1_24' title="bbox 304 2479 2283 2546; baseline 0.001 -15"><span class='ocrx_word' id='word_1_181' title='bbox 304 2495 563 2546; x_wconf 86' lang='lat' dir='ltr'>papyrus</span> <span class='ocrx_word' id='word_1_182' title='bbox 605 2487 803 2531; x_wconf 89' lang='lat' dir='ltr'>noster</span> <span class='ocrx_word' id='word_1_183' title='bbox 851 2479 1045 2531; x_wconf 79' lang='lat' dir='ltr'>differt</span> <span class='ocrx_word' id='word_1_184' title='bbox 1087 2495 1122 2531; x_wconf 88' lang='lat' dir='ltr'>a</span> <span class='ocrx_word' id='word_1_185' title='bbox 1170 2480 1376 2531; x_wconf 89' lang='lat' dir='ltr'>ceteris</span> <span class='ocrx_word' id='word_1_186' title='bbox 1419 2480 1638 2531; x_wconf 89' lang='lat' dir='ltr'>eisdem</span> <span class='ocrx_word' id='word_1_187' title='bbox 1676 2480 1839 2532; x_wconf 91' lang='lat' dir='ltr'>annis</span> <span class='ocrx_word' id='word_1_188' title='bbox 1882 2481 2124 2546; x_wconf 84' lang='lat' dir='ltr'>scriptiS,</span> <span class='ocrx_word' id='word_1_189' title='bbox 2180 2480 2283 2532; x_wconf 87' lang='lat' dir='ltr'>sed</span> 
     </span>
     <span class='ocr_line' id='line_1_25' title="bbox 306 2570 2281 2635; baseline -0.001 -14"><span class='ocrx_word' id='word_1_190' title='bbox 306 2570 479 2622; x_wconf 88' lang='lat' dir='ltr'>etiam</span> <span class='ocrx_word' id='word_1_191' title='bbox 506 2570 704 2621; x_wconf 86' lang='lat' dir='ltr'>ordine</span> <span class='ocrx_word' id='word_1_192' title='bbox 730 2570 1025 2621; x_wconf 91' lang='lat' dir='ltr'>nominum</span> <span class='ocrx_word' id='word_1_193' title='bbox 1050 2570 1358 2635; x_wconf 86' lang='lat' dir='ltr'>Eupatoris</span> <span class='ocrx_word' id='word_1_194' title='bbox 1385 2578 1441 2620; x_wconf 90' lang='lat' dir='ltr'>et</span> <span class='ocrx_word' id='word_1_195' title='bbox 1460 2571 1862 2621; x_wconf 90' lang='lat' dir='ltr'>Philometoris</span> <span class='ocrx_word' id='word_1_196' title='bbox 1886 2578 2123 2633; x_wconf 73' lang='lat' dir='ltr'>mutam,</span> <span class='ocrx_word' id='word_1_197' title='bbox 2151 2584 2281 2622; x_wconf 90' lang='lat' dir='ltr'>cum</span> 
     </span>
     <span class='ocr_line' id='line_1_26' title="bbox 308 2660 2282 2725; baseline 0.001 -15"><span class='ocrx_word' id='word_1_198' title='bbox 308 2662 466 2711; x_wconf 90' lang='lat' dir='ltr'>solus</span> <span class='ocrx_word' id='word_1_199' title='bbox 505 2675 536 2711; x_wconf 91' lang='lat' dir='ltr'>e</span> <span class='ocrx_word' id='word_1_200' title='bbox 571 2667 732 2710; x_wconf 90' lang='lat' dir='ltr'>tanto</span> <span class='ocrx_word' id='word_1_201' title='bbox 759 2675 1001 2711; x_wconf 87' lang='lat' dir='ltr'>numero</span> <span class='ocrx_word' id='word_1_202' title='bbox 1027 2674 1384 2725; x_wconf 86' lang='lat' dir='ltr'>papyrorum</span> <span class='ocrx_word' id='word_1_203' title='bbox 1410 2660 1655 2725; x_wconf 89' lang='lat' dir='ltr'>septimo</span> <span class='ocrx_word' id='word_1_204' title='bbox 1683 2669 1739 2712; x_wconf 90' lang='lat' dir='ltr'>et</span> <span class='ocrx_word' id='word_1_205' title='bbox 1765 2668 1977 2711; x_wconf 91' lang='lat' dir='ltr'>octavo</span> <span class='ocrx_word' id='word_1_206' title='bbox 2005 2660 2282 2711; x_wconf 91' lang='lat' dir='ltr'>decennio</span> 
     </span>
     <span class='ocr_line' id='line_1_27' title="bbox 307 2750 2280 2816; baseline 0 -15"><span class='ocrx_word' id='word_1_207' title='bbox 307 2750 650 2815; x_wconf 87' lang='lat' dir='ltr'>scriptorum</span> <span class='ocrx_word' id='word_1_208' title='bbox 679 2750 887 2801; x_wconf 89' lang='lat' dir='ltr'>seriem</span> <span class='ocrx_word' id='word_1_209' title='bbox 912 2750 1548 2815; x_wconf 89' lang='lat' dir='ltr'>Eupator-Philometor</span> <span class='ocrx_word' id='word_1_210' title='bbox 1584 2766 1689 2815; x_wconf 91' lang='lat' dir='ltr'>pro</span> <span class='ocrx_word' id='word_1_211' title='bbox 1715 2751 2280 2816; x_wconf 85' lang='lat' dir='ltr'>Philometor-Eupa-</span> 
     </span>
     <span class='ocr_line' id='line_1_28' title="bbox 308 2839 2280 2905; baseline 0.001 -15"><span class='ocrx_word' id='word_1_212' title='bbox 308 2848 396 2890; x_wconf 91' lang='lat' dir='ltr'>tor</span> <span class='ocrx_word' id='word_1_213' title='bbox 448 2840 732 2891; x_wconf 83' lang='lat' dir='ltr'>exhibeat.</span> <span class='ocrx_word' id='word_1_214' title='bbox 806 2840 866 2892; x_wconf 83' lang='lat' dir='ltr'>Si</span> <span class='ocrx_word' id='word_1_215' title='bbox 900 2855 1052 2891; x_wconf 91' lang='lat' dir='ltr'>nunc</span> <span class='ocrx_word' id='word_1_216' title='bbox 1097 2841 1473 2891; x_wconf 88' lang='lat' dir='ltr'>recordamur</span> <span class='ocrx_word' id='word_1_217' title='bbox 1517 2839 1776 2891; x_wconf 88' lang='lat' dir='ltr'>ordinem</span> <span class='ocrx_word' id='word_1_218' title='bbox 1812 2840 2280 2905; x_wconf 88' lang='lat' dir='ltr'>Eupator-Philo-</span> 
     </span>
     <span class='ocr_line' id='line_1_29' title="bbox 305 2929 2282 2996; baseline 0 -16"><span class='ocrx_word' id='word_1_219' title='bbox 305 2938 492 2981; x_wconf 87' lang='lat' dir='ltr'>metor</span> <span class='ocrx_word' id='word_1_220' title='bbox 533 2938 665 2996; x_wconf 89' lang='lat' dir='ltr'>post</span> <span class='ocrx_word' id='word_1_221' title='bbox 698 2938 945 2981; x_wconf 89' lang='lat' dir='ltr'>mortem</span> <span class='ocrx_word' id='word_1_222' title='bbox 972 2930 1289 2981; x_wconf 87' lang='lat' dir='ltr'>Ptolemaei</span> <span class='ocrx_word' id='word_1_223' title='bbox 1314 2930 1443 2982; x_wconf 87' lang='lat' dir='ltr'>VIII</span> <span class='ocrx_word' id='word_1_224' title='bbox 1469 2929 1798 2981; x_wconf 90' lang='lat' dir='ltr'>restitutum</span> <span class='ocrx_word' id='word_1_225' title='bbox 1824 2944 1970 2991; x_wconf 89' lang='lat' dir='ltr'>esse,</span> <span class='ocrx_word' id='word_1_226' title='bbox 2011 2929 2104 2995; x_wconf 92' lang='lat' dir='ltr'>qui</span> <span class='ocrx_word' id='word_1_227' title='bbox 2129 2929 2282 2981; x_wconf 89' lang='lat' dir='ltr'>idem</span> 
     </span>
     <span class='ocr_line' id='line_1_30' title="bbox 306 3019 2282 3086; baseline -0.001 -15"><span class='ocrx_word' id='word_1_228' title='bbox 306 3021 514 3071; x_wconf 88' lang='lat' dir='ltr'>seriem</span> <span class='ocrx_word' id='word_1_229' title='bbox 551 3020 707 3071; x_wconf 88' lang='lat' dir='ltr'>initio</span> <span class='ocrx_word' id='word_1_230' title='bbox 744 3021 908 3086; x_wconf 81' lang='lat' dir='ltr'>regni</span> <span class='ocrx_word' id='word_1_231' title='bbox 944 3028 1287 3083; x_wconf 88' lang='lat' dir='ltr'>mutaverat,</span> <span class='ocrx_word' id='word_1_232' title='bbox 1332 3020 1652 3085; x_wconf 89' lang='lat' dir='ltr'>eodemque</span> <span class='ocrx_word' id='word_1_233' title='bbox 1687 3026 1949 3084; x_wconf 90' lang='lat' dir='ltr'>tempore</span> <span class='ocrx_word' id='word_1_234' title='bbox 1987 3019 2282 3085; x_wconf 89' lang='lat' dir='ltr'>proprium</span> 
     </span>
     <span class='ocr_line' id='line_1_31' title="bbox 302 3108 2282 3176; baseline 0.001 -18"><span class='ocrx_word' id='word_1_235' title='bbox 302 3111 704 3162; x_wconf 85' lang='lat' dir='ltr'>sacerdotium&#39;</span> <span class='ocrx_word' id='word_1_236' title='bbox 721 3110 1066 3176; x_wconf 87' lang='lat' dir='ltr'>Cleopatrae</span> <span class='ocrx_word' id='word_1_237' title='bbox 1092 3111 1138 3161; x_wconf 95' lang='lat' dir='ltr'>II</span> <span class='ocrx_word' id='word_1_238' title='bbox 1176 3111 1363 3162; x_wconf 89' lang='lat' dir='ltr'>denuo</span> <span class='ocrx_word' id='word_1_239' title='bbox 1401 3110 1458 3161; x_wconf 92' lang='lat' dir='ltr'>in</span> <span class='ocrx_word' id='word_1_240' title='bbox 1493 3109 1866 3175; x_wconf 84' lang='lat' dir='ltr'>praescriptis</span> <span class='ocrx_word' id='word_1_241' title='bbox 1902 3108 2055 3168; x_wconf 80' lang='lat' dir='ltr'>ferri,</span> <span class='ocrx_word' id='word_1_242' title='bbox 2091 3116 2282 3160; x_wconf 87' lang='lat' dir='ltr'>nonne</span> 
     </span>
     <span class='ocr_line' id='line_1_32' title="bbox 305 3199 2282 3265; baseline 0.001 -16"><span class='ocrx_word' id='word_1_243' title='bbox 305 3200 361 3250; x_wconf 85' lang='lat' dir='ltr'>in</span> <span class='ocrx_word' id='word_1_244' title='bbox 398 3207 668 3265; x_wconf 88' lang='lat' dir='ltr'>promptu</span> <span class='ocrx_word' id='word_1_245' title='bbox 706 3207 793 3250; x_wconf 91' lang='lat' dir='ltr'>est</span> <span class='ocrx_word' id='word_1_246' title='bbox 830 3199 1093 3251; x_wconf 85' lang='lat' dir='ltr'>conicere</span> <span class='ocrx_word' id='word_1_247' title='bbox 1128 3199 1299 3251; x_wconf 88' lang='lat' dir='ltr'>etiam</span> <span class='ocrx_word' id='word_1_248' title='bbox 1327 3199 1584 3250; x_wconf 89' lang='lat' dir='ltr'>ordinem</span> <span class='ocrx_word' id='word_1_249' title='bbox 1610 3199 1963 3264; x_wconf 84' lang='lat' dir='ltr'>singularem</span> <span class='ocrx_word' id='word_1_250' title='bbox 1988 3199 2282 3258; x_wconf 86' lang='lat' dir='ltr'>nominum</span> 
     </span>
     <span class='ocr_line' id='line_1_33' title="bbox 306 3276 2282 3355; baseline 0 -16"><span class='ocrx_word' id='word_1_251' title='bbox 306 3289 953 3354; x_wconf 82' lang='lat' dir='ltr'>Eupator-Philometor,</span> <span class='ocrx_word' id='word_1_252' title='bbox 992 3290 1087 3355; x_wconf 89' lang='lat' dir='ltr'>qui</span> <span class='ocrx_word' id='word_1_253' title='bbox 1123 3289 1375 3340; x_wconf 88' lang='lat' dir='ltr'>sermoni</span> <span class='ocrx_word' id='word_1_254' title='bbox 1408 3276 1786 3353; x_wconf 81' lang='lat' dir='ltr'>subregnum</span> <span class='ocrx_word' id='word_1_255' title='bbox 1812 3288 2129 3339; x_wconf 88' lang='lat' dir='ltr'>Ptolemaei</span> <span class='ocrx_word' id='word_1_256' title='bbox 2155 3289 2282 3340; x_wconf 87' lang='lat' dir='ltr'>VIII</span> 
     </span>
     <span class='ocr_line' id='line_1_34' title="bbox 306 3377 2280 3444; baseline -0.001 -14"><span class='ocrx_word' id='word_1_257' title='bbox 306 3380 515 3430; x_wconf 75' lang='lat' dir='ltr'>usitato</span> <span class='ocrx_word' id='word_1_258' title='bbox 555 3380 913 3442; x_wconf 82' lang='lat' dir='ltr'>adversatur,</span> <span class='ocrx_word' id='word_1_259' title='bbox 952 3387 1109 3430; x_wconf 91' lang='lat' dir='ltr'>certo</span> <span class='ocrx_word' id='word_1_260' title='bbox 1148 3379 1398 3444; x_wconf 89' lang='lat' dir='ltr'>quodam</span> <span class='ocrx_word' id='word_1_261' title='bbox 1434 3379 1663 3429; x_wconf 89' lang='lat' dir='ltr'>vinculo</span> <span class='ocrx_word' id='word_1_262' title='bbox 1710 3378 1878 3443; x_wconf 91' lang='lat' dir='ltr'>quasi</span> <span class='ocrx_word' id='word_1_263' title='bbox 1915 3377 2280 3429; x_wconf 90' lang='lat' dir='ltr'>coniunctum</span> 
     </span>
     <span class='ocr_line' id='line_1_35' title="bbox 308 3467 2282 3534; baseline -0.001 -15"><span class='ocrx_word' id='word_1_264' title='bbox 308 3484 437 3519; x_wconf 76' lang='lat' dir='ltr'>esse</span> <span class='ocrx_word' id='word_1_265' title='bbox 477 3484 605 3519; x_wconf 85' lang='lat' dir='ltr'>cum</span> <span class='ocrx_word' id='word_1_266' title='bbox 644 3469 950 3534; x_wconf 75' lang='lat' dir='ltr'>singularis</span> <span class='ocrx_word' id='word_1_267' title='bbox 976 3469 1143 3520; x_wconf 90' lang='lat' dir='ltr'>huius</span> <span class='ocrx_word' id='word_1_268' title='bbox 1170 3467 1476 3519; x_wconf 82' lang='lat' dir='ltr'>sacerdotii</span> <span class='ocrx_word' id='word_1_269' title='bbox 1500 3467 1886 3518; x_wconf 81' lang='lat' dir='ltr'>institutione?</span> <span class='ocrx_word' id='word_1_270' title='bbox 1936 3467 2111 3518; x_wconf 90' lang='lat' dir='ltr'>Cuius</span> <span class='ocrx_word' id='word_1_271' title='bbox 2135 3467 2282 3518; x_wconf 89' lang='lat' dir='ltr'>inter</span> 
     </span>
     <span class='ocr_line' id='line_1_36' title="bbox 309 3557 2281 3625; baseline -0.001 -17"><span class='ocrx_word' id='word_1_272' title='bbox 309 3574 515 3609; x_wconf 72' lang='lat' dir='ltr'>causas</span> <span class='ocrx_word' id='word_1_273' title='bbox 553 3560 598 3609; x_wconf 71' lang='lat' dir='ltr'>si</span> <span class='ocrx_word' id='word_1_274' title='bbox 636 3559 739 3610; x_wconf 81' lang='lat' dir='ltr'>fuit</span> <span class='ocrx_word' id='word_1_275' title='bbox 776 3559 916 3624; x_wconf 80' lang='lat' dir='ltr'>fuga</span> <span class='ocrx_word' id='word_1_276' title='bbox 950 3560 1122 3625; x_wconf 79' lang='lat' dir='ltr'>regis,</span> <span class='ocrx_word' id='word_1_277' title='bbox 1158 3559 1402 3610; x_wconf 81' lang='lat' dir='ltr'>eandem</span> <span class='ocrx_word' id='word_1_278' title='bbox 1436 3559 1648 3610; x_wconf 91' lang='lat' dir='ltr'>ordinis</span> <span class='ocrx_word' id='word_1_279' title='bbox 1682 3559 1828 3609; x_wconf 87' lang='lat' dir='ltr'>illius</span> <span class='ocrx_word' id='word_1_280' title='bbox 1866 3557 2138 3608; x_wconf 89' lang='lat' dir='ltr'>solemnis</span> <span class='ocrx_word' id='word_1_281' title='bbox 2170 3565 2281 3607; x_wconf 90' lang='lat' dir='ltr'>tur-</span> 
     </span>
     <span class='ocr_line' id='line_1_37' title="bbox 308 3649 1297 3700; baseline 0.003 -3"><span class='ocrx_word' id='word_1_282' title='bbox 308 3649 425 3698; x_wconf 80' lang='lat' dir='ltr'>bati</span> <span class='ocrx_word' id='word_1_283' title='bbox 463 3663 591 3699; x_wconf 81' lang='lat' dir='ltr'>esse</span> <span class='ocrx_word' id='word_1_284' title='bbox 633 3663 869 3699; x_wconf 83' lang='lat' dir='ltr'>causam</span> <span class='ocrx_word' id='word_1_285' title='bbox 906 3649 1297 3700; x_wconf 64' lang='lat' dir='ltr'>iudicabimus</span> 
     </span>
    </p>
   </div>
   <div class='ocr_carea' id='block_1_3' title="bbox 2314 1685 2496 2847">
    <p class='ocr_par' dir='ltr' id='par_1_4' title="bbox 2314 1685 2496 2847">
     <span class='ocr_line' id='line_1_38' title="bbox 2314 1685 2496 2847; baseline 0 0"><span class='ocrx_word' id='word_1_286' title='bbox 2314 1685 2496 2847; x_wconf 95' lang='lat' dir='ltr'> </span> 
     </span>
    </p>
   </div>
  </div>
 </body>
</html>
