2496 3996
444 295 547 333 Post
568 305 722 332 annum
748 294 819 332 116
839 294 880 332 in
901 295 1176 345 praescriptis
1193 294 1403 333 invenitur
1420 295 1543 334 ordo:
1564 296 2046 347 Eupator-Philometor.
2164 286 2229 336 39

266 438 310 488 7.
350 435 573 488 Chrest.
610 435 819 486 demot.
856 450 986 501 pag.
1029 437 1125 487 110
1161 436 1407 501 scriptus
1446 451 1596 487 anno
1638 438 1836 489 103JO2.

263 525 310 577 8.
346 526 553 590 Papyr.
613 525 799 595 Berol.
861 526 994 576 3106
1055 526 1164 591 (ed.
1226 525 1606 591 Spiegelberg
1663 541 1795 591 pag.
1850 528 1930 592 16)
1980 529 2226 594 scriptus

440 627 591 664 anno
627 614 789 670 99s98.
1865 679 1875 695 x

438 703 557 778 Soli
602 704 810 769 papyri
858 705 1125 756 demotici
1179 705 1629 770 Argentinenses
1678 721 1908 771 semper
1957 709 2227 761 exhibent

196 800 201 803 '
257 793 566 848 formulam
606 790 1245 858 Φιλομήτωρ-Εὐπάτωρ,
1291 810 1439 860 quae
1482 795 1540 846 in
1577 796 1783 846 ceteris
1820 798 2058 861 papyris
2095 808 2227 863 post

259 897 472 935 annum
513 885 608 935 116
644 884 871 949 scriptis
910 900 1040 935 cum
1074 885 1303 950 graecis
1345 893 1468 936 tum
1515 885 1813 936 demoticis
1848 901 1964 936 non
1999 887 2114 937 iam
2149 888 2226 939 in-

257 972 500 1024 venitur.
571 972 651 1023 At
698 988 829 1024 cum
878 989 1079 1026 omnes
1123 975 1331 1040 papyri
1375 975 1642 1026 demotici
1677 976 2134 1041 Argentinenses
2170 978 2227 1028 in

257 1076 371 1112 uno
418 1061 547 1112 vico
592 1062 964 1127 Pathyritidis
1009 1063 1206 1128 scripti
1249 1063 1376 1127 sint,
1421 1079 1599 1115 causa
1648 1064 2002 1129 exceptionis
2045 1074 2226 1130 patet:

256 1151 523 1202 nimirum
571 1152 793 1203 scribae
842 1152 1010 1204 huius
1057 1153 1169 1204 vici
1210 1160 1471 1204 Veterem
1507 1154 1832 1217 formulam,
1878 1170 2227 1221 quamquam

257 1241 471 1292 abolita
495 1248 635 1304 erat,
663 1242 1104 1293 conservabant.
1154 1243 1318 1293 Haec
1345 1245 1627 1308 exempla,
1655 1258 1899 1309 quorum
1923 1259 2227 1297 numerum

253 1329 404 1381 infra
439 1330 795 1396 augebimUS‚
834 1330 1125 1382 sufficiant
1158 1331 1232 1382 ad
1258 1331 1771 1384 demonstrandum
1795 1348 2226 1400 nonnumquam

252 1418 533 1470 formulas
571 1420 874 1471 anterioris
913 1421 1119 1472 aetatis
1156 1436 1190 1471 a
1226 1421 1428 1472 scribis
1464 1423 1559 1472 vel
1595 1422 1817 1473 inscitia
1842 1424 1936 1474 vel
1962 1425 2227 1476 socordia

254 1509 328 1559 ad
363 1509 690 1574 posteriora
724 1517 991 1575 tempora
1026 1518 1353 1575 propagata
1391 1526 1536 1562 esse.

431 1598 571 1651 Post
622 1610 870 1650 mortem
922 1600 1240 1651 Ptolemaei
1290 1601 1369 1653 VI
1405 1601 1772 1653 Ptolemaeus
1810 1604 1938 1655 VIII
1988 1604 2226 1670 Cleopa-

251 1695 402 1740 tram
437 1689 498 1752 II,
548 1704 810 1740 sororem
856 1704 1212 1755 germanam,
1260 1690 1494 1756 eiusque
1531 1691 1710 1743 filiam
1748 1692 2118 1759 Cleopatram
2154 1696 2226 1746 III

250 1779 308 1831 in
342 1779 770 1831 matrimonium
807 1780 988 1831 duxit:
1025 1780 1151 1845 regi
1187 1788 1244 1831 et
1267 1781 1544 1833 uxoribus
1573 1797 1878 1834 commune
1905 1799 2224 1846 cognomen

250 1871 359 1919 τῶν
388 1869 694 1932 Εὐεργετῶν
733 1870 930 1921 datum
957 1878 1044 1921 est
1071 1871 1162 1936 (cf.
1189 1886 1321 1936 pag.
1348 1872 1450 1937 31).
1502 1872 1992 1938 Quinquagesimo
2019 1882 2222 1939 quarto

251 1973 418 2010 anno
449 1958 614 2024 regni
655 1960 1023 2010 Ptolemaeus
1067 1960 1196 2012 VIII
1243 1968 1505 2012 mortuus
1555 1969 1642 2012 est
1691 1969 1748 2012 et
1791 1962 2107 2028 Cleopatra
2137 1964 2221 2023 III,

250 2055 560 2114 postquam
595 2047 846 2100 fortasse
883 2065 988 2114 per
1026 2058 1155 2100 octo
1191 2050 1314 2101 fere
1351 2066 1583 2102 menses
1620 2052 1743 2103 sive
1781 2054 1907 2104 sola
1943 2053 2066 2104 sive
2092 2069 2222 2105 cum

250 2144 435 2188 matre
481 2138 572 2203 (cf.
611 2139 738 2190 adn.
782 2141 826 2203 1)
870 2140 1137 2204 regnavit
1182 2141 1424 2205 (Strack,
1463 2142 1745 2206 Dynastie
1782 2158 1913 2208 pag.
1951 2144 2016 2194 50
2061 2144 2220 2208 sqq),

251 2241 383 2277 cum
424 2228 759 2279 Ptolemaeo
796 2229 853 2280 X
905 2245 1150 2294 regnum
1202 2231 1414 2296 partita
1467 2240 1569 2283 est.
1641 2233 1820 2284 Paulo
1873 2241 2006 2297 post
2061 2233 2222 2284 Cleo-

249 2325 418 2382 patra
453 2317 500 2368 II
538 2333 568 2368 e
621 2318 742 2369 vita
796 2319 1060 2370 decessit.
1134 2320 1446 2385 Cleopatra
1494 2322 1564 2372 III
1619 2329 1675 2372 et
1726 2322 1877 2388 filius
1933 2323 2221 2374 communi

249 2406 479 2458 nomine
526 2410 635 2458 τῶν
681 2411 821 2458 Θεῶν
872 2408 1260 2472 Φιλομητὸρων
1297 2418 1547 2462 utuntur.
1621 2411 1926 2474 Quaeritur
1963 2427 2075 2477 quo
2114 2413 2218 2463 sub

247 2496 478 2547 nomine
518 2497 829 2563 Cleopatra
864 2499 910 2549 II
947 2500 1229 2563 mortua1)
1268 2501 1421 2551 culta
1458 2500 1544 2551 sit.
1746 2502 1749 2507 ’

430 2587 484 2650 a)
524 2587 669 2638 Cum
716 2587 908 2652 priore
944 2588 1151 2638 marito
1190 2588 1240 2653 (i.
1268 2604 1314 2640 e.
1354 2604 1484 2639 cum
1520 2589 1853 2640 Ptolemaeo
1891 2590 1991 2653 VI)
2030 2590 2216 2641 denuo

247 2676 405 2742 iungi
455 2684 698 2741 poterat,
749 2677 807 2727 id
860 2677 1013 2742 quod
1058 2677 1214 2728 initio
1262 2678 1490 2743 quidem
1535 2678 1754 2729 factum
1800 2693 1930 2729 esse
1965 2679 2216 2744 videtur;

247 2781 383 2818 nam
418 2766 712 2832 inscriptio
738 2767 988 2831 Syenitis
1023 2767 1280 2818 nominat
1305 2769 1433 2828 τοὺς
1460 2768 1618 2828 Θεοὺς
1639 2767 1956 2830 Ἐπιφανεῖς
1982 2769 2065 2818 καὶ
2091 2769 2216 2819 Θεὸν

252 2855 536 2919 Εὐπάτορα
585 2857 669 2906 καὶ
723 2858 912 2918 Θεοὺς
959 2855 1407 2920 Φιλομήτορας
1451 2857 1692 2921 (Strack,
1737 2857 1871 2908 Ath.
1910 2858 2049 2909 Mitt.
2087 2859 2214 2922 XX,

174 2952 176 2954 ’
247 2946 383 3010 346).
455 2945 571 2997 Sed
605 2946 837 2997 unicum
874 2947 985 2997 hoc
1023 2954 1110 2997 est
1147 2948 1493 3012 exemplum.

430 3058 457 3107 ¹)
488 3058 554 3095 De
590 3070 713 3105 anno,
753 3070 835 3108 quo
867 3058 1097 3108 Cleopatra
1128 3057 1165 3095 II
1203 3058 1314 3095 diem
1353 3070 1593 3108 supremum
1624 3058 1741 3105 obiit,
1779 3058 1895 3097 docti
1925 3059 2002 3096 viri
2032 3059 2140 3097 inter
2170 3072 2214 3097 se

249 3130 471 3169 dissident.
528 3131 792 3183 Quamquam
826 3131 1017 3170 Grenfell
1047 3138 1088 3170 et
1118 3132 1234 3170 Hunt
1264 3131 1404 3180 (Tebt.
1435 3132 1536 3182 Pap.
1557 3131 1584 3179 Ι,
1606 3145 1700 3183 pag.
1721 3142 1782 3180 32,
1801 3135 1841 3182 4)
1872 3145 1922 3171 ex
1950 3134 2213 3184 praescripto

248 3205 395 3256 papyri
437 3205 586 3243 inediti
623 3205 883 3256 collegerunt
929 3205 1202 3256 Cleopatram
1242 3206 1279 3243 II
1323 3207 1591 3256 superstitem
1629 3207 1784 3244 vixisse
1821 3206 2067 3246 Ptolemaeo
2104 3208 2213 3255 VIII,

248 3286 390 3317 tamen
420 3278 570 3318 Strack
598 3279 771 3328 (Archiv
802 3280 829 3318 f.
849 3280 1272 3331 Papyrusforschung
1301 3280 1337 3318 II
1366 3293 1459 3331 pag.
1482 3282 1571 3330 552)
1602 3281 1775 3329 dubitat,
1806 3294 1859 3319 an
1889 3294 2028 3320 errore
2050 3283 2213 3321 scribae

248 3354 312 3392 bis
351 3354 582 3406 Cleopatra
621 3356 765 3405 regina
808 3356 1062 3393 nominetur.
1126 3355 1272 3394 Utram
1311 3356 1565 3393 sententiam
1609 3355 1845 3406 praeferas,
1890 3355 1993 3394 nihil
2031 3357 2085 3394 ad
2125 3369 2212 3394 rem

247 3430 451 3480 pertinet·,
496 3442 594 3467 nam
632 3430 862 3481 Cleopatra
898 3430 935 3468 II
979 3436 1094 3468 certe
1143 3437 1307 3468 mortua
1357 3436 1419 3467 est
1456 3437 1554 3468 ante
1599 3442 1788 3468 mensem
1834 3431 2079 3482 Φαρμοῦθῑ
2115 3431 2211 3468 anni

251 3504 323 3542 116
352 3517 387 3542 a.
418 3503 528 3551 Chr„
567 3517 650 3554 quo
687 3505 909 3555 inscriptio
940 3504 1124 3554 Syenitis
1165 3505 1299 3542 incisa
1329 3511 1404 3550 est,
1435 3516 1542 3554 quae
1571 3505 1707 3555 prima
1735 3512 1832 3555 post
1861 3512 2042 3544 mortem
2071 3505 2213 3544 Ptole-

247 3580 357 3616 maei
385 3578 484 3617 VIII
513 3579 698 3617 indicem
728 3579 1069 3618 Ptolemaeorum
1100 3586 1446 3617 consecratorum
1478 3579 1659 3620 exhibet.
