2488 4198
83 1576 192 1621 ‘ff

903 935 1609 1000 PRAEFATIQ

279 1184 283 1186 ,
444 1128 760 1189 Edentibus
783 1127 949 1191 nobis
974 1127 1082 1178 has
1110 1125 1494 1191 quaestioneS,
1534 1140 1682 1190 quae
1708 1125 1817 1176 nisi
1851 1125 2005 1190 quod
2038 1140 2239 1176 omnes

265 1219 554 1286 pertinent
578 1218 653 1270 ad
678 1218 970 1283 epistulaS‚
998 1231 1142 1282 quas
1168 1230 1340 1281 reges
1361 1216 1483 1266 sive
1510 1216 1714 1280 Syriae
1741 1216 1863 1266 sive
1890 1215 2146 1281 Aegypti
2170 1215 2241 1266 ΙΠ

266 1316 324 1363 et
369 1309 418 1360 II
463 1309 698 1360 saeculo
753 1322 800 1358 a.
840 1307 973 1358 Chr.
1021 1322 1072 1357 n.
1124 1305 1494 1370 scripserunt,
1539 1306 1695 1356 nullo
1749 1305 1922 1355 modo
1970 1304 2118 1355 inter
2178 1319 2239 1355 se

267 1394 596 1461 Cohaerent,
635 1411 930 1463 perpauca
973 1395 1411 1461 praemonenda
1459 1402 1605 1446 sunt.
1679 1395 2045 1460 Quamquam
2090 1393 2240 1444 enim

264 1487 421 1550 initio
463 1487 522 1539 in
571 1487 761 1539 animo
816 1492 941 1537 erat
995 1499 1197 1536 omnes
1253 1484 1530 1550 epistulas
1577 1483 1770 1549 regias
1818 1484 1986 1534 huius
2035 1484 2242 1535 aetatis

263 1560 539 1643 'colligere
601 1584 657 1629 et
715 1591 1039 1638 recensere,
1106 1582 1169 1626 ut
1225 1574 1472 1626 dictione
1528 1574 1853 1625 accuratius
1913 1573 2242 1624 examinata

267 1667 650 1730 ostenderem,
689 1680 802 1732 quo
840 1666 1013 1717 modo
1052 1680 1244 1717 sermo
1281 1665 1340 1716 in
1376 1665 1487 1716 alio
1524 1679 1706 1729 regno
1744 1663 1989 1715 usitatus
2036 1663 2243 1728 depen-

269 1756 430 1808 deret
467 1771 502 1808 a
536 1756 817 1819 formulis,
862 1771 1009 1821 quae
1056 1744 1114 1806 in
1164 1754 1275 1806 alio
1312 1755 1601 1817 valebant,
1651 1761 1847 1805 tamen
1891 1755 2064 1818 paulo
2112 1762 2243 1818 post

265 1845 520 1897 intellexi
553 1846 809 1896 nondum
844 1845 903 1896 in
941 1861 1008 1896 eo
1047 1860 1192 1908 esse,
1230 1852 1293 1896 ut
1327 1845 1384 1895 in
1427 1844 1618 1910 ipsum
1642 1851 1993 1895 'sermonem
2042 1850 2097 1894 et
2133 1843 2243 1894 for-

266 1936 454 1987 mulas
493 1935 869 2001 epistularum
903 1935 1283 2001 inquiramus;
1333 1949 1438 1985 eae
1487 1934 1639 1984 enim
1677 1934 2060 1999 quaestiones,
2100 1949 2243 1999 quas

267 2024 599 2091 priusquam
639 2025 713 2076 ad
749 2026 899 2075 hanc
936 2025 1006 2075 de
1030 2023 1292 2075 formulis
1329 2039 1435 2075 nos
1474 2023 1862 2088 accingamuS,
1901 2023 2243 2088 profligatas

209 2114 217 2122 “
268 2130 399 2167 esse
435 2129 678 2166 necesse
716 2121 805 2165 est
830 2144 891 2149 -—
920 2128 1021 2164 eas
1059 2113 1203 2177 dico,
1243 2128 1392 2178 quae
1418 2120 1550 2164 sunt
1578 2113 1646 2163 de
1673 2113 2030 2178 temporibus
2057 2113 2245 2178 singu-

270 2207 458 2257 larum
495 2205 872 2270 epistularum
913 2234 971 2239 ——
1010 2205 1156 2255 adeo
1196 2204 1496 2255 absolutae
1532 2218 1648 2254 non
1685 2211 1831 2266 sunt,
1869 2211 1931 2254 ut
1966 2203 2023 2253 in
2064 2203 2244 2254 diver-

272 2294 532 2346 sissimas
588 2301 786 2358 partes
828 2293 1036 2344 iudicia
1084 2293 1342 2344 virorum
1391 2293 1692 2344 doctorum
1749 2294 1819 2343 de
1867 2293 2244 2358 plurimarum

273 2383 649 2450 epistularum
687 2390 877 2434 aetate
917 2383 1238 2448 discedant;
1276 2398 1464 2448 neque
1499 2383 1557 2433 id
1581 2383 1815 2433 mirum:
1853 2397 2069 2448 magna
2095 2383 2245 2432 enim

271 2488 410 2539 pars
458 2480 515 2524 et
560 2472 995 2538 inscriptionum
1044 2480 1100 2523 et
1151 2487 1523 2538 papyrorum,
1585 2472 1789 2538 quibus
1847 2472 2035 2523 edicta
2084 2472 2245 2538 regia

272 2569 620 2614 conservata
663 2569 809 2627 sunt,
849 2562 1053 2629 quavis
1092 2562 1233 2614 certi
1270 2569 1326 2613 et
1353 2562 1570 2613 definiti
1594 2562 1872 2627 temporis
1897 2569 2036 2613 nota
2062 2569 2243 2626 caret;

271 2667 450 2718 quare
501 2651 560 2703 in
611 2659 774 2703 tanta
832 2651 1127 2703 nominum
1182 2652 1614 2703 Seleucidarum
1670 2660 1726 2702 et
1779 2653 2244 2703 Ptolemaeorum

273 2741 678 2808 aequabilitate
704 2758 819 2793 non
846 2744 1040 2805 semel,
1077 2742 1183 2793 sed
1209 2741 1441 2807 saepius
1469 2741 1688 2804 accidit,
1715 2750 1776 2792 ut
1801 2757 1873 2793 ne
1901 2743 1970 2793 de
2009 2750 2244 2793 auctore

272 2832 502 2898 quidem
540 2832 819 2898 epistulae
857 2839 1095 2884 constet.
1139 2833 1301 2896 Quae
1339 2847 1470 2884 cum
1506 2832 1585 2883 ita
1611 2832 1737 2896 sint,
1777 2833 1984 2883 ceteris
2009 2833 2062 2882 in
2093 2832 2241 2883 aliud

270 2929 500 2987 tempus
549 2921 834 2987 aliamque
887 2922 1257 2973 occasionem
1305 2921 1532 2972 reiectis
1579 2921 1637 2972 id
1681 2922 1834 2987 quod
1880 2921 2038 2986 prius
2099 2936 2244 2986 opus

272 3025 403 3062 esse
441 3011 705 3076 cognovi,
761 3010 1010 3076 primum
1047 3026 1198 3062 nunc
1234 3018 1486 3062 tractare
1526 3010 1817 3076 constitui;
1866 3025 2039 3076 agam
2075 3010 2246 3075 igitur

270 3101 549 3166 imprimis
594 3101 664 3152 de
713 3101 1044 3152 auctoribus
1095 3109 1151 3152 et
1200 3108 1390 3152 aetate
1440 3101 1815 3166 epistularum
1864 3099 2244 3165 quarumdam

271 3190 522 3242 maxime
558 3191 1033 3242 memorabilium.

451 3280 642 3346 Atque
668 3281 725 3332 in
751 3282 937 3346 prima
961 3290 1127 3347 parte
1155 3282 1226 3332 de
1251 3282 1618 3347 petitionibus
1646 3282 1964 3332 incolarum
1990 3281 2246 3345 Aegypti

273 3367 690 3433 disputabimus
711 3378 767 3421 et
782 3371 1087 3436 epistulam
1101 3371 1256 3436 regis
1279 3372 1674 3442 sacerdotibus
1694 3374 1790 3421 τοῦ
1811 3371 2034 3433 Χνούβω
2054 3370 2244 3433 Νεβιήβ

272 3458 546 3524 scriptam
584 3460 813 3524 (Athen.
851 3461 993 3513 Mitt.
1019 3461 1146 3522 XX,
1191 3462 1318 3512 1895
1353 3477 1484 3526 pag.
1511 3462 1609 3512 327
1637 3483 1690 3498 Ξ
1719 3462 2142 3526 Dittenberger,
2168 3459 2244 3510 in-

273 3547 463 3613 script.
519 3549 717 3601 orient.
765 3550 802 3613 I,
846 3551 959 3614 168)
1025 3551 1311 3602 nonnullis
1376 3551 1516 3601 locis
1581 3551 1991 3616 supplebimus,
2079 3551 2244 3600 Hanc

273 3638 816 3690 commentationem
853 3647 1125 3691 secuntur
1150 3641 1457 3691 nonnullae
1492 3640 1962 3705 quaestiunculae
1988 3639 2058 3690 de
2085 3655 2243 3704 prae-
