2496 3996
292 269 357 320 48
683 282 749 320 De
777 282 1054 333 praescriptis
1084 282 1460 322 instrumentorum
1487 283 1754 334 publicorum
1784 291 1863 322 etc.

294 425 498 481 deinde
563 426 692 476 loco
758 432 981 476 motum
1050 424 1337 476 nonnullis
1404 425 1568 476 annis
1637 426 1948 480 interiectis
2012 428 2265 484 fortasse

295 515 553 579 Cyprum
588 513 831 564 missum
867 528 996 564 esse
1035 513 1263 577 (Strack
1290 513 1573 578 Dynastie
1597 530 1730 581 pag.
1756 517 1858 582 37).
1909 517 2085 575 Cuius
2110 521 2267 578 modi

292 603 640 656 mutationes
675 618 869 654 rerum
906 603 1138 654 minime
1174 603 1491 664 miraberiS‚
1526 605 1575 657 si
1607 600 1761 671 quae
1779 607 2113 665 Ptolemaeo
2139 610 2268 666 VIII

293 701 573 759 regnante
607 693 764 745 facta
801 700 934 745 sunt
967 693 1348 758 reputaveris,

474 783 533 835 Si
585 783 920 834 Ptolemaeo
957 783 1038 834 VI
1074 782 1464 834 Philometore
1516 792 1797 849 regnante
1851 786 2031 839 series
2084 788 2268 847 Ptole-

293 888 594 924 maeorum
629 872 686 923 in
723 871 1095 937 praescriptis
1132 872 1244 923 hoc
1280 873 1454 923 modo
1485 872 1702 925 finitur:
1745 873 2267 942 Εὐπάτωρ-Φιλομή,

293 979 463 1026 τορες,
504 978 574 1014 ea
598 962 1091 1028 praescriptorum
1115 963 1211 1012 lex
1235 963 1330 1012 vel
1355 977 1562 1013 norma
1587 963 1900 1015 observata
1926 973 2028 1028 est,
2056 981 2130 1024 ex
2155 983 2268 1034 qua

292 1069 398 1105 rex
434 1053 740 1119 primarius
775 1052 833 1103 in
868 1051 984 1103 fine
1021 1051 1363 1115 nominatur,
1411 1053 1638 1118 collega
1680 1054 2035 1118 paenultimo
2069 1057 2199 1114 loco
2214 1057 2267 1122 ¹).

294 1143 393 1196 Sin
429 1143 582 1194 filius
617 1142 767 1208 patri
804 1150 1103 1207 superstes
1139 1141 1260 1200 fuit,
1300 1156 1441 1194 usus
1468 1142 1752 1194 sermonis
1777 1145 2269 1210 praescriptorum

294 1235 564 1299 postulat,
618 1240 682 1284 ut
733 1231 886 1283 filius
939 1239 1073 1296 post
1125 1239 1354 1296 patrem
1401 1238 1693 1283 mortuum
1741 1233 2082 1298 nominetur,
2137 1235 2270 1302 quia

294 1331 523 1374 mortuo
560 1330 726 1388 patre
760 1321 913 1373 filius
949 1321 1238 1386 regnavit:
1277 1321 1410 1372 hinc
1447 1322 1589 1372 ordo
1630 1321 2270 1388 Φιλομήτωρ-Εὐπάτωρ.

294 1413 451 1478 Ergo
498 1413 712 1478 duplex
753 1412 852 1463 illa
885 1413 1151 1473 formula,
1197 1426 1230 1463 a
1276 1426 1388 1477 qua
1426 1411 1735 1477 disputatio
1771 1421 1974 1464 nostra
2010 1413 2272 1479 profecta

297 1511 399 1566 est,
456 1504 606 1554 hanc
653 1503 830 1554 habet
878 1501 1338 1567 explicationem.
1428 1501 1688 1566 Eupator
1729 1503 1888 1553 solus
1943 1517 2049 1568 per
2092 1504 2270 1564 breve

296 1592 574 1658 temporis
622 1592 873 1657 spatium
921 1591 1204 1656 regnavit,
1254 1606 1606 1657 quamquam
1652 1590 1769 1642 iam
1817 1600 2042 1657 septem
2090 1594 2270 1658 anniS,

297 1691 609 1749 antequam
644 1696 890 1748 regnum
926 1681 1060 1742 iniit,
1097 1681 1246 1732 inter
1279 1682 1647 1733 Ptolemaeos
1681 1690 2054 1734 consecratos
2078 1698 2274 1750 recep*

296 1781 389 1825 tus
426 1780 573 1824 erat:
622 1773 769 1830 haec
803 1773 952 1824 inter
988 1788 1198 1825 causas
1234 1772 1413 1824 fuisse
1459 1773 1703 1835 videtur,
1751 1788 1852 1824 cur
1895 1774 2172 1840 Aegyptii
2217 1782 2274 1828 et

298 1863 559 1915 ordinem
617 1861 1385 1926 Εὐπάτορος-Φιλομητορων,
1439 1862 1498 1913 in
1533 1877 1646 1928 quo
1682 1877 1927 1928 regnum
1963 1863 2273 1928 Eupatoris

298 1955 628 2018 neglectum
677 1961 780 2014 est,
838 1959 893 2003 et
942 1952 1202 2004 ordinem
1256 1950 2018 2017 Φιλομήτορων-Εὐπάτορος,
2065 1953 2122 2005 in
2159 1969 2272 2020 quo

298 2044 444 2095 ratio
482 2042 647 2108 regni
682 2043 943 2098 habetur,
983 2041 1362 2093 adhibuerint.
1418 2042 1496 2092 At
1532 2043 1679 2093 haec
1716 2050 1990 2095 accurata
2023 2042 2275 2096 formula

298 2140 430 2198 post
468 2148 682 2184 annum
725 2133 819 2184 140
855 2147 1038 2197 usque
1077 2132 1151 2182 ad
1187 2146 1401 2182 annum
1443 2133 1537 2183 116
1574 2147 1844 2197 campum
1881 2133 2111 2185 obtinet.
2254 2127 2257 2131 ’

481 2223 802 2287 Quaeritur,
842 2238 943 2274 cur
979 2237 1130 2273 anno
1172 2222 1267 2273 116
1304 2222 1492 2273 denuo
1531 2223 1672 2272 ordo
1698 2222 1995 2274 nominum
2019 2231 2274 2282 mutatus

300 2315 385 2365 sit.
437 2313 930 2379 Quinquagesimo
966 2327 1116 2364 anno
1142 2312 1307 2377 regni
1331 2313 1702 2363 Ptolemaeus
1727 2312 1857 2363 VIII
1881 2312 2202 2378 Euergetes
2228 2314 2275 2367 II

298 2403 480 2456 filium
519 2402 867 2465 Φιλοπάτορα
910 2403 1036 2454 νέον
1082 2402 1303 2454 socium
1350 2401 1515 2466 regni
1557 2401 1696 2452 facit
1741 2401 1969 2466 (Strack
2004 2416 2137 2467 pag.
2180 2403 2273 2454 177

300 2494 446 2559 sqq.)
461 2495 523 2558 2>;
585 2509 691 2544 rex
751 2493 1059 2559 primarius
1113 2493 1171 2544 in
1221 2492 1337 2543 fine
1390 2492 1591 2543 indicis
1645 2491 1986 2554 nominatur,
2049 2494 2274 2558 collega

299 2583 652 2649 paenultimo
688 2585 840 2636 loco:
882 2582 1204 2646 Φιλοπάτωρ
1241 2582 1700 2644 νέος-Εὐεργέτης.
1772 2581 1887 2633 Sed
1923 2596 2274 2647 quamquam

299 2674 668 2726 Ptolemaeus
720 2675 1001 2740 Eupat0r‚
1058 2673 1153 2739 qui
1202 2687 1308 2738 per
1359 2686 1638 2737 magnum
1691 2671 1969 2736 temporis
2024 2671 2274 2736 spatium

301 2764 491 2815 socius
545 2764 709 2830 regni
761 2763 881 2823 fuit,
937 2762 1286 2828 aliquamdiu
1339 2763 1498 2812 solus
1542 2760 1807 2827 regnavit
1850 2767 1983 2825 post
2025 2769 2274 2820 mortem

300 2854 497 2920 patris,
541 2862 738 2907 tamen
782 2854 1150 2905 Ptolemaeus
1193 2852 1319 2915 νὲος
1355 2853 1674 2914 Φιλοπάτωρ
1710 2865 2027 2915 numquam
2062 2865 2135 2901 ne
2170 2865 2275 2916 per

301 2943 598 2994 minimum
640 2943 870 3009 quidem
911 2943 1190 3009 temporis
1233 2942 1484 3009 spatium
1525 2957 1631 2992 rex
1673 2940 1979 3006 primarius
2011 2939 2275 2996 fuit‚·‘ita-

303 3049 412 3098 que
471 3035 628 3085 nulla
681 3048 860 3084 causa
913 3040 1052 3096 erat,
1107 3047 1209 3083 cur
1261 3031 1677 3098 posterioribus
1729 3029 2087 3095 temporibus
2132 3030 2273 3081 ordo

302 3131 636 3175 mutaretur.
685 3123 770 3174 Re
808 3138 951 3173 vera
986 3123 1043 3173 in
1081 3122 1345 3173 omnibus
1382 3122 1505 3173 fere
1531 3120 1770 3187 papyris
1794 3119 2082 3171 invenitur
2108 3119 2272 3172 ordo:

303 3214 623 3276 Φιλοπάτωρ
649 3213 775 3274 νέος
794 3242 852 3248 -
871 3211 1166 3275 Εὐεργέτης
1193 3227 1239 3264 e.
1254 3227 1307 3277 g.
1329 3211 1590 3263 Grenfell
1616 3218 1672 3262 et
1691 3211 1850 3261 Hunt
1875 3209 1912 3272 I,
1933 3209 1999 3259 25
2024 3209 2273 3274 scriptus

483 3371 514 3421 ¹)
545 3371 671 3423 Quod
706 3371 789 3408 nisi
824 3371 884 3409 ita
921 3383 965 3409 se
1002 3370 1189 3417 haberet,
1228 3370 1311 3408 iam
1340 3369 1589 3408 Ptolemaeo
1619 3369 1677 3407 Vl
1716 3373 1920 3419 regnante
1953 3365 2274 3417 Φιλομήτορες

306 3455 402 3485 ante
435 3446 685 3497 Εὐπάτορα
712 3446 920 3484 nominati
951 3451 1107 3483 essent.

483 3521 516 3570 2)
548 3521 614 3562 Cf.
643 3521 787 3567 Niese‚
820 3520 892 3558 Gr.
914 3519 1071 3558 Gesch.
1102 3519 1170 3567 III,
1202 3519 1288 3566 266,
1318 3533 1358 3559 n.
1379 3529 1415 3567 4,
1446 3520 1515 3570 qui
1548 3526 1588 3557 et
1619 3519 1710 3569 ipse
1733 3517 1886 3556 fatetur
1907 3514 2273 3566 Straekiiopinio-

305 3608 402 3634 nem
433 3596 484 3633 de
514 3596 762 3633 Ptolemaeo
792 3595 886 3633 Neo
916 3594 1191 3645 Philopatore
1222 3594 1301 3632 sibi
1333 3606 1427 3632 esse
1456 3593 1693 3644 probatam.
