2496 3996
945 272 1012 310 De
1040 283 1202 322 papyro
1233 271 1334 309 Tor.
1355 272 1383 309 Ι.
2098 258 2152 308 ll

168 422 364 479 imm,
403 407 601 476 ἔλεγεν,
628 416 724 464 τοῦ
753 412 1017 464 ἀντιδίκου
1058 411 1556 475 ἀναπεφωνηκὸτος
1584 413 1647 462 δι’
1677 412 1840 474 αὐτῆς
1870 416 1985 474 τοῖς
2014 416 2157 476 βασι-

189 510 360 567 λεῦσι,
383 506 477 555 τὸν
500 504 694 554 ἑαυτοῦ
713 503 916 565 πατέρα
945 503 1195 565 μετῆλθαι
1221 500 1282 552 ἐκ
1300 504 1395 562 τῆς
1421 501 1781 563 Διοσπόλεως
1803 511 1923 566 etc.,
1953 502 2157 568 quibus

185 595 378 648 verbis
406 594 637 658 Peyron
664 582 919 658 pag.'140
942 592 1197 642 libellum
1229 591 1390 641 illum
1427 605 1604 655 supra
1634 593 1871 642 allatum
1898 591 2159 642 denotari

185 683 422 751 putavit,
458 682 554 748 qui
591 682 664 733 ad
689 682 988 733 Hermiam
1014 689 1337 745 strategum
1361 680 1574 731 missus
1611 689 1750 732 erat.
1792 681 1937 732 Cum
1965 689 2158 732 autem
2187 699 2190 701 “

182 774 436 825 libellum
472 772 747 824 Hermiae
777 773 1032 823 oblatum
1058 772 1146 822 bis
1173 786 1320 822 Voce
1354 769 1737 834 ὑπομνήματος
1771 770 2159 836 significatum

184 879 314 916 esse
349 863 465 914 iam
503 878 680 928 supra
715 862 1046 925 ViderimUS,
1087 870 1289 913 contra
1312 863 1425 914 hoc
1450 863 1578 912 loco
1605 857 1838 911 ἔντευξιν
1867 861 2157 925 quandam

183 954 701 1019 deprehendamus,
742 953 1128 1017 colligendum
1166 967 1295 1003 esse
1333 959 1472 1016 puto
1499 950 1592 1001 hic
1619 951 1689 1000 de
1718 950 1923 1000 eodem
1948 949 2156 1012 libello,

120 1081 123 1083 -
182 1042 278 1108 qui
322 1045 439 1103 τοῖς
484 1044 867 1104 χρηματισταῑς
911 1041 1220 1106 inscriptus
1268 1056 1415 1091 voce
1459 1039 1754 1100 ἐντεύξεως
1798 1038 2157 1104 significatus

183 1140 308 1184 erat
333 1131 425 1197 (cf.
445 1146 577 1197 pag.
603 1131 664 1194 II,
691 1133 723 1182 4
749 1139 805 1182 et
829 1132 914 1194 ΙΙΙ,
940 1132 1042 1196 23),
1067 1131 1176 1196 agi.
1206 1131 1328 1182 Nec
1352 1146 1494 1181 vero
1523 1131 1726 1192 solum,
1754 1130 1908 1194 quod
1933 1129 2157 1179 libellus

182 1221 568 1273 chrematistis
604 1221 815 1272 missus
850 1221 966 1271 iam
993 1228 1166 1271 antea
1190 1220 1468 1271 recitatus
1496 1218 1583 1270 est
1618 1220 1771 1284 (pag.
1798 1218 1883 1281 III,
1912 1218 2014 1283 23),
2054 1219 2158 1269 sed

182 1311 355 1363 etiam
397 1311 588 1377 ipsum
624 1319 1032 1376 argumentum
1076 1311 1249 1362 libelli
1284 1317 1545 1361 nostram
1590 1310 1983 1360 coniecturam
2028 1325 2157 1359 con-

178 1400 390 1453 firmat.
427 1400 578 1452 Dino
607 1400 771 1463 enim,
798 1407 1079 1465 patronus
1106 1400 1580 1464 choachytarum‚
1610 1398 1916 1462 contendit,
1947 1400 2157 1449 calum-

119 1529 122 1531 >
179 1490 340 1542 niose
355 1490 656 1542 Hermiam
681 1490 838 1541 litem
862 1490 1178 1541 intendisse
1203 1489 1461 1549 Loba'i'ti;
1481 1503 1618 1539 nam
1640 1488 1814 1538 ὄντων
1834 1491 1942 1538 τῶν
1963 1504 2158 1551 πεπρα-

180 1580 354 1631 κότων
371 1578 532 1631 ἐννέα
546 1581 746 1630 καὶτῶν
755 1581 873 1643 περὶ
885 1579 1163 1642 τὸνὭρον
1181 1578 2156 1645 (10.0110010115713111111)ἐνοικούντων

180 1670 264 1719 καὶ
299 1670 642 1733 κρατούντων
679 1673 774 1732 τῆς
812 1670 993 1731 οἰκίας,
1033 1670 1158 1720 ὃέον
1198 1666 1329 1720 εἶναι
1367 1669 1633 1732 πρότερον
1666 1669 1798 1718 κατὰ
1824 1668 2033 1718 τούτων
2059 1669 2154 1729 τὴν

178 1757 410 1812 ἔντευξιν
449 1762 638 1810 δοῦναι
664 1760 816 1825 (pag.
842 1761 938 1824 VI,
966 1761 1042 1826 4);
1082 1760 1356 1811 Hermias
1381 1759 1555 1824 igitur
1579 1759 1637 1809 in
1664 1773 1732 1808 eo
1758 1757 1965 1819 libelle,
1996 1756 2156 1807 cuius

180 1850 331 1901 Dino
374 1850 727 1902 mentionem
769 1834 908 1901 facit
952 1865 1085 1915 pag.
1119 1851 1192 1913 V,
1235 1850 1323 1913 24,
1368 1865 1484 1900 non
1530 1855 1734 1899 contra
1779 1847 2153 1911 choachytas,

179 1940 283 1991 sed
328 1947 530 1991 contra
577 1940 887 1990 Lobai'tem
936 1939 1369 1990 accusationem
1415 1939 1759 2003 protulerat3
1820 1944 1878 1986 at
1930 1935 2154 1986 libellus

180 2029 254 2080 ad
290 2029 589 2080 Hermiam
627 2037 950 2094 strategum
994 2029 1207 2079 missus
1255 2035 1457 2079 contra
1500 2028 1858 2091 choachytas
1904 2025 2152 2090 scriptus

181 2127 320 2170 erat.
357 2119 514 2184 Ergo
544 2119 695 2170 Dino
727 2135 843 2170 non
869 2119 1053 2170 verba
1077 2118 1217 2169 facit
1249 2119 1319 2169 de
1350 2118 1540 2169 libello
1579 2117 1854 2167 Hermiae
1893 2123 2152 2180 stratego

181 2210 390 2273 oblatO,
429 2209 534 2260 sed
571 2209 641 2260 de
680 2211 878 2271 alterO,
907 2209 1002 2274 qui
1038 2216 1242 2259 contra
1277 2208 1587 2259 Loba'i’tem
1625 2206 1873 2270 scriptus
1912 2212 2051 2268 erat,
2092 2203 2154 2265 ὃς

182 2299 430 2361 εἰσεδόθη
477 2301 594 2360 τοῖς
637 2301 1021 2362 χρηματισταῑς
1066 2298 1158 2364 (cf.
1200 2312 1332 2363 pag.
1365 2298 1426 2360 H,
1463 2299 1496 2347 4
1533 2304 1590 2348 et
1624 2295 1710 2358 ΙΙΙ,
1750 2295 1852 2359 23).
1906 2294 2084 2360 Igitur
2120 2293 2149 2355 ἡ

179 2388 679 2451 προαναλελεγμὲνη
729 2387 957 2448 ἔντευξις
996 2389 1157 2453 (pag.
1191 2388 1263 2450 V,
1290 2387 1376 2451 25)
1423 2394 1511 2437 est
1547 2388 1743 2452 petitio
1783 2388 1857 2439 ad
1897 2388 2154 2438 chrema-

179 2478 345 2529 tistas
394 2485 598 2528 contra
643 2477 952 2527 Loba'i'tem
995 2476 1190 2527 missa.
1257 2477 1414 2542 Ergo
1460 2484 1548 2528 ter
1591 2477 1647 2528 in
1692 2492 1917 2542 papyro
1963 2477 2094 2527 Tor.
2131 2477 2153 2526 I

180 2568 378 2633 petitio
416 2566 801 2618 chrematistis
840 2567 1035 2617 oblata
1072 2565 1434 2631 significatur
1470 2581 1617 2617 voce
1661 2565 1968 2627 ἐντεύξεως.

359 2657 581 2708 Eodem
616 2658 790 2707 modo
826 2657 884 2707 in
915 2671 1140 2722 papyro
1167 2657 1298 2707 Tor.
1325 2657 1421 2719 IV,
1449 2659 1480 2707 9
1508 2672 1629 2722 sqq.
1666 2657 1864 2722 petitio
1892 2656 1966 2707 ad
1997 2657 2154 2707 chre-

181 2747 446 2798 matistas
482 2746 662 2797 missa
696 2746 1026 2798 nominatur
1070 2743 1333 2807 ἔντευξιςῑ
1382 2746 1749 2796 συνλελύσθαι
1795 2745 2001 2807 αὐτοῖς,
2038 2746 2154 2808 περὶ

182 2835 246 2898 ἦς
282 2835 536 2900 ἐνέβαλεν
575 2836 685 2886 κατ’
725 2836 903 2886 αὐτῶν
941 2835 1233 2897 ἐντεύξεως
1272 2836 1344 2897 εἰς
1381 2837 1440 2886 τὸ
1472 2835 1821 2899 προκείμενον
1859 2835 1919 2886 ἐν
1956 2835 2155 2885 Πτολε-

183 2928 329 2989 ’μα’ἴδι
367 2926 580 2987 ἀγγεῖον
620 2924 723 2976 ὑπὸ
755 2928 1144 2990 χρηματιστῶν,
1174 2926 1249 2977 ὧν
1277 2927 1604 2987 εἰσαγωγεύς
1632 2925 1955 2988 Ἀμμώνιος,
1978 2933 2034 2975 et
2053 2940 2152 2976 nu-

183 3017 432 3080 perrime
474 3016 628 3067 idem
679 3030 819 3067 usus
869 3017 1031 3067 vocis
1080 3016 1372 3077 ἐντεύξεως
1431 3015 1806 3066 confirmatus
1856 3022 1944 3065 est
1990 3014 2151 3064 Tebt.

184 3121 314 3170 pap.
348 3106 384 3168 I,
418 3106 515 3157 29:
559 3106 780 3170 Petitio,
821 3121 994 3171 quam
1030 3106 1342 3156 Acusilaus
1385 3113 1440 3156 et
1477 3106 1846 3156 Ptolemaeus
1884 3105 1957 3155 ad
1995 3104 2152 3154 chre-

184 3195 448 3245 matistas
491 3195 783 3258 miserant,
828 3195 885 3245 in
921 3210 1006 3246 Vs,
1041 3197 1070 3244 7
1119 3195 1398 3245 vocabulo
1444 3194 1735 3255 ἐντεύξεως
1779 3194 2151 3259 significatur.

186 3285 403 3336 Contra
445 3299 754 3350 nusquam,
794 3292 1070 3350 quantum
1109 3285 1251 3346 sci0‚
1292 3285 1487 3349 petitio
1527 3283 1913 3334 chrematistis
1959 3285 2153 3334 oblata

185 3373 513 3425 nominatur
549 3371 850 3437 ὑπόμνημα.

365 3463 484 3513 Iam
534 3463 765 3528 saepius
815 3463 968 3514 docti
1013 3463 1120 3513 viri
1167 3471 1367 3514 nostra
1417 3464 1698 3515 memoria
1748 3464 2152 3515 chrematistas

187 3560 672 3618 comparaverunt
699 3568 829 3603 cum
854 3553 1044 3604 missis
1072 3554 1368 3604 dominicis
1393 3554 1555 3618 regni
1581 3555 1938 3605 Francorum
1965 3554 2152 3617 (Lum-
